order_id,date,Products,region,quantity_sold,unit_price,total_sales
10001,5/8/2024,clothings,south,,$114.58 ,
10002,19-Mar,Home goods,north ,8,$18.16 ,145.28
10003,4/3/2024,sports,west,4,$190.93 ,763.72
10004,4/21/2024,toys,west,5,$166.49 ,832.45
10005,2/18/2024,clothings,west,2,$52.73 ,105.46
10006,3/29/2024,toys,east,8,$177.50 ,1420
10007,3/31/2024,clothings,south,5,$47.88 ,239.4
10008,5/6/2024,toys,north ,4,$68.82 ,275.28
10009,2/24/2024,clothings,south,7,$160.48 ,1123.36
10010,2/19/2024,clothings,north ,7,$42.39 ,296.73
10011,5/4/2024,Electronics,west,2, Thirty ,
10012,5/12/2024,toys,south,10,$96.99 ,969.9
10013,1/2/2024,books,west,9,$81.08 ,729.72
10014,3/31/2024,books,east,8,$33.73 ,269.84
10015,6/16/2024,clothings,east,9,$169.40 ,1524.6
10016,1/25/2024,toys,east,2,$81.03 ,162.06
10017,30-May,clothings,south,4,$146.37 ,585.48
10018,10-Feb,Electronics,north ,4,  ,
10019,17-Feb,toys,east,8,  ,
10020,14-Mar,clothings,north ,8,$190.78 ,1526.24
10021,23-May,Electronics,west,2,$47.83 ,95.66
10022,8-Mar,books,east,7,$40.31 ,282.17
10023,14-Jun,sports,west,3,$107.07 ,321.21
10024,17-Apr,clothings,east,10,$159.13 ,1591.3
10025,2/16/2024,books,south,4,$77.58 ,310.32
10026,1/31/2024,Electronics,north ,2,$94.54 ,189.08
10027,3/14/2024,Electronics,north ,,$118.62 ,
10028,2/20/2024,toys,south,6,$163.13 ,978.78
10029,3/3/2024,Electronics,west,2, Thirty ,
10030,3/22/2024,sports,east,10,$11.36 ,113.6
10031,1/2/2024,Electronics,east,8,$79.43 ,635.44
10032,4/25/2024,Home goods,north ,8,$39.78 ,318.24
10033,3/24/2024,clothings,east,3,$96.98 ,290.94
10034,3/5/2024,clothings,east,7,$85.23 ,596.61
10035,4/17/2024,Home goods,south,2,$15.74 ,31.48
10036,5/19/2024,toys,west,5,$121.34 ,606.7
10037,4/2/2024,sports,west,2,$105.84 ,211.68
10038,6/21/2024,toys,west,8,$67.69 ,541.52
10039,3/24/2024,sports,east,7,$184.78 ,1293.46
10040,4/25/2024,toys,west,6,$20.31 ,121.86
10041,3/16/2024,Home goods,west,3,$94.07 ,282.21
10042,3/25/2024,toys,north ,3,$199.49 ,598.47
10043,6/10/2024,clothings,south,8,$155.81 ,1246.48
10044,5/10/2024,sports,west,8,$188.87 ,1510.96
10045,3/13/2024,clothings,west,1,$159.57 ,159.57
10046,5/16/2024,sports,south,1,$45.85 ,45.85
10047,2/21/2024,Electronics,west,8,$130.27 ,1042.16
10048,5/13/2024,Home goods,east,9,$156.98 ,1412.82
10049,1/29/2024,Electronics,east,7,$114.44 ,801.08
10050,2/9/2024,sports,west,2,$179.22 ,358.44
10051,5/12/2024,toys,south,2,$49.42 ,98.84
10052,3/4/2024,toys,north ,9,$60.27 ,542.43
10053,4/12/2024,Electronics,east,1,$62.52 ,62.52
10054,4/26/2024,sports,south,7,$96.44 ,675.08
10055,4/1/2024,clothings,east,3,$152.00 ,456
10056,5/22/2024,Home goods,north ,5,$102.17 ,510.85
10057,6/27/2024,sports,north ,7,$47.82 ,334.74
10058,6/9/2024,sports,south,1,$76.32 ,76.32
10059,1/10/2024,Home goods,north ,10,$148.49 ,1484.9
10060,1/3/2024,books,east,2,$40.85 ,81.7
10061,4/1/2024,books,north ,4,$190.29 ,761.16
10062,4/29/2024,toys,south,5, Thirty ,
10063,5/13/2024,sports,south,10,$97.56 ,975.6
10064,1/24/2024,toys,east,7,$132.91 ,930.37
10065,4/13/2024,Electronics,south,4,$105.84 ,423.36
10066,"Thursday, February 15, 2024",books,east,1,$138.24 ,138.24
10067,"Tuesday, May 28, 2024",Home goods,north ,6,$70.90 ,425.4
10068,"Tuesday, February 6, 2024",clothings,west,8,$133.19 ,1065.52
10069,"Wednesday, February 14, 2024",books,south,1,$115.51 ,115.51
10070,"Sunday, February 18, 2024",books,south,8,$105.96 ,847.68
10071,"Tuesday, June 11, 2024",books,north ,5,$185.91 ,929.55
10072,"Saturday, May 18, 2024",clothings,east,1,$121.33 ,121.33
10073,"Friday, June 28, 2024",Electronics,south,8,  ,
10074,"Wednesday, April 3, 2024",books,east,1,$64.89 ,64.89
10075,"Wednesday, June 12, 2024",clothings,west,4,$108.13 ,432.52
10076,"Thursday, January 18, 2024",clothings,east,10,$139.93 ,1399.3
10077,"Friday, May 10, 2024",books,west,1,$120.36 ,120.36
10078,"Tuesday, January 2, 2024",books,west,8,$133.13 ,1065.04
10079,"Tuesday, June 11, 2024",toys,east,4,$27.49 ,109.96
10080,"Friday, January 5, 2024",Electronics,north ,6,$97.85 ,587.1
10081,"Tuesday, March 12, 2024",toys,north ,7,$61.75 ,432.25
10082,"Friday, January 5, 2024",toys,west,4,$108.88 ,435.52
10083,"Saturday, March 30, 2024",toys,west,4,$189.77 ,759.08
10084,"Saturday, March 16, 2024",Electronics,north ,5,$122.26 ,611.3
10085,"Monday, March 25, 2024",Electronics,east,10,  ,
10086,"Friday, April 19, 2024",books,north ,6,$116.34 ,698.04
10087,"Tuesday, January 23, 2024",Electronics,west,7,  ,
10088,"Monday, April 15, 2024",clothings,west,7,$56.05 ,392.35
10089,"Sunday, March 10, 2024",books,east,5,$149.56 ,747.8
10090,"Saturday, May 18, 2024",clothings,west,6,$148.51 ,891.06
10091,"Saturday, January 27, 2024",sports,east,5,$66.29 ,331.45
10092,"Tuesday, May 14, 2024",Electronics,south,10, Thirty ,
10093,"Tuesday, April 30, 2024",sports,south,5,$13.06 ,65.3
10094,"Tuesday, March 12, 2024",Electronics,west,9,$171.49 ,1543.41
10095,"Monday, May 20, 2024",clothings,east,8,$70.30 ,562.4
10096,"Saturday, June 1, 2024",sports,west,4,$146.91 ,587.64
10097,"Wednesday, June 5, 2024",clothings,south,2,$34.55 ,69.1
10098,"Wednesday, January 3, 2024",toys,west,2,$112.96 ,225.92
10099,"Thursday, May 23, 2024",sports,east,1,$141.94 ,141.94
10100,"Wednesday, June 5, 2024",books,east,9,$59.01 ,531.09
10101,"Saturday, February 3, 2024",Home goods,south,10,$78.25 ,782.5
10102,"Tuesday, April 9, 2024",Home goods,east,,$73.04 ,
10103,"Thursday, June 27, 2024",books,south,10,$26.32 ,263.2
10104,"Saturday, January 27, 2024",sports,west,4, Thirty ,
10105,"Tuesday, January 9, 2024",Home goods,east,3,$190.01 ,570.03
10106,"Tuesday, January 9, 2024",Electronics,west,3,$164.93 ,494.79
10107,"Wednesday, February 7, 2024",clothings,west,10,$61.99 ,619.9
10108,"Monday, May 6, 2024",toys,south,7,$105.59 ,739.13
10109,"Thursday, February 22, 2024",toys,north ,9,$189.80 ,1708.2
10110,"Saturday, January 6, 2024",Home goods,south,,$156.74 ,
10111,"Tuesday, February 20, 2024",Electronics,east,10,$106.73 ,1067.3
10112,"Saturday, January 27, 2024",toys,west,7,$156.84 ,1097.88
10113,"Saturday, March 9, 2024",Electronics,west,4,$183.23 ,732.92
10114,"Friday, June 14, 2024",books,south,2,$131.91 ,263.82
10115,"Sunday, March 10, 2024",books,north ,2,$154.79 ,309.58
10116,"Friday, June 14, 2024",clothings,east,6,$56.73 ,340.38
10117,"Sunday, February 4, 2024",sports,north ,2,$140.63 ,281.26
10118,"Friday, May 3, 2024",Home goods,north ,8,$193.92 ,1551.36
10119,"Saturday, March 30, 2024",sports,east,3,$95.74 ,287.22
10120,"Monday, February 5, 2024",toys,east,7,$109.67 ,767.69
10121,"Tuesday, February 20, 2024",sports,north ,4,$112.17 ,448.68
10122,"Sunday, June 9, 2024",Electronics,west,8,$140.39 ,1123.12
10123,"Tuesday, May 21, 2024",sports,west,6,$91.28 ,547.68
10124,"Friday, April 5, 2024",Home goods,north ,4,$115.26 ,461.04
10125,"Friday, June 7, 2024",clothings,east,7,$10.34 ,72.38
10126,"Saturday, June 8, 2024",books,south,,$152.31 ,
10127,"Wednesday, June 12, 2024",Home goods,west,9,$61.54 ,553.86
10128,"Wednesday, June 26, 2024",books,south,7,$40.70 ,284.9
10129,"Tuesday, April 9, 2024",books,north ,1,$150.52 ,150.52
10130,"Tuesday, April 9, 2024",clothings,south,10,$155.63 ,1556.3
10131,"Tuesday, June 11, 2024",sports,west,3,  ,
10132,"Sunday, May 5, 2024",Electronics,south,7,$165.88 ,1161.16
10133,"Monday, April 22, 2024",clothings,south,3,$175.10 ,525.3
10134,"Friday, June 7, 2024",clothings,west,2,$40.58 ,81.16
10135,"Sunday, April 21, 2024",toys,west,7,$158.00 ,1106
10136,"Wednesday, March 13, 2024",Home goods,east,10,$173.75 ,1737.5
10137,"Saturday, January 6, 2024",clothings,north ,,$153.01 ,
10138,"Wednesday, April 10, 2024",clothings,east,5,$161.72 ,808.6
10139,"Thursday, May 9, 2024",clothings,south,6,$168.77 ,1012.62
10140,"Thursday, April 18, 2024",books,west,10,$163.70 ,1637
10141,"Tuesday, March 5, 2024",clothings,east,3,$160.12 ,480.36
10142,"Saturday, March 23, 2024",Home goods,west,10,$64.07 ,640.7
10143,"Saturday, April 20, 2024",books,west,5,$167.12 ,835.6
10144,"Friday, February 16, 2024",sports,south,10,$176.71 ,1767.1
10145,"Friday, March 22, 2024",sports,east,6,$128.97 ,773.82
10146,"Monday, January 8, 2024",toys,north ,7,$40.56 ,283.92
10147,"Wednesday, January 10, 2024",sports,north ,2,$55.35 ,110.7
10148,"Tuesday, June 18, 2024",sports,east,3,$157.90 ,473.7
10149,"Sunday, May 5, 2024",sports,west,5,$164.69 ,823.45
10150,"Monday, February 5, 2024",books,north ,9,$154.87 ,1393.83
10151,"Thursday, January 25, 2024",sports,north ,4,$49.83 ,199.32
10152,"Tuesday, January 2, 2024",toys,north ,10,$86.44 ,864.4
10153,"Friday, March 1, 2024",sports,south,6,$144.39 ,866.34
10154,"Sunday, February 25, 2024",clothings,south,1,$49.50 ,49.5
10155,"Monday, January 22, 2024",clothings,south,9,$103.28 ,929.52
10156,"Monday, January 8, 2024",clothings,south,3,$33.95 ,101.85
10157,"Friday, March 29, 2024",books,north ,7,$60.56 ,423.92
10158,"Saturday, May 4, 2024",Electronics,north ,9,$142.51 ,1282.59
10159,"Wednesday, March 20, 2024",toys,south,8,$154.57 ,1236.56
10160,"Friday, April 19, 2024",toys,east,5,$126.78 ,633.9
10161,"Sunday, March 10, 2024",sports,north ,4,$161.93 ,647.72
10162,"Tuesday, May 7, 2024",sports,east,9, Thirty ,
10163,"Wednesday, March 20, 2024",Home goods,west,4,$87.30 ,349.2
10164,"Monday, April 29, 2024",sports,south,,$124.33 ,
10165,"Friday, March 22, 2024",sports,west,8,$127.07 ,1016.56
10166,"Monday, January 8, 2024",sports,south,7,$146.21 ,1023.47
10167,"Friday, May 17, 2024",clothings,north ,10,$44.39 ,443.9
10168,"Thursday, February 8, 2024",toys,north ,4,$63.81 ,255.24
10169,"Monday, January 1, 2024",sports,south,5,$18.24 ,91.2
10170,"Thursday, February 15, 2024",sports,west,7,$188.67 ,1320.69
10171,"Saturday, June 1, 2024",Electronics,east,3,$57.78 ,173.34
10172,"Sunday, February 11, 2024",sports,east,8,$64.84 ,518.72
10173,"Friday, May 24, 2024",Home goods,north ,8,$195.20 ,1561.6
10174,1/15/2024,toys,east,5,$189.89 ,949.45
10175,5/3/2024,books,south,,$36.01 ,
10176,4/18/2024,sports,north ,8,$87.63 ,701.04
10177,6/26/2024,clothings,east,5,$102.87 ,514.35
10178,5/5/2024,sports,east,9,$138.69 ,1248.21
10179,1/30/2024,Electronics,east,5,$136.89 ,684.45
10180,5/27/2024,sports,west,5,$192.17 ,960.85
10181,5/11/2024,clothings,north ,4,$151.27 ,605.08
10182,4/15/2024,toys,east,3,$126.79 ,380.37
10183,1/13/2024,sports,south,5,$60.80 ,304
10184,1/26/2024,clothings,north ,7,$116.07 ,812.49
10185,5/11/2024,Home goods,north ,2,$168.65 ,337.3
10186,1/20/2024,clothings,north ,5,$26.48 ,132.4
10187,2/9/2024,clothings,north ,3,$46.32 ,138.96
10188,1/29/2024,toys,east,2,$132.91 ,265.82
10189,3/12/2024,books,west,7,$23.60 ,165.2
10190,1/7/2024,clothings,south,9,$149.54 ,1345.86
10191,5/17/2024,toys,west,8,$131.64 ,1053.12
10192,4/11/2024,books,north ,5,$172.56 ,862.8
10193,6/19/2024,books,south,1,$73.39 ,73.39
10194,6/12/2024,Home goods,west,3,$14.97 ,44.91
10195,5/13/2024,books,south,7,$106.76 ,747.32
10196,1/12/2024,sports,east,1,$109.19 ,109.19
10197,2/2/2024,Electronics,west,9,$29.80 ,268.2
10198,2/9/2024,clothings,east,5,$91.46 ,457.3
10199,4/21/2024,sports,south,7,$161.81 ,1132.67
10200,2/13/2024,clothings,east,6,$172.40 ,1034.4
10201,6/3/2024,sports,north ,1,$124.25 ,124.25
10202,6/29/2024,Home goods,west,2,$151.55 ,303.1
10203,2/7/2024,books,south,4,$43.72 ,174.88
10204,1/28/2024,Home goods,west,7,$114.68 ,802.76
10205,1/6/2024,Electronics,north ,8,$136.20 ,1089.6
10206,1/19/2024,books,south,7,$138.32 ,968.24
10207,3/7/2024,sports,east,5,$60.76 ,303.8
10208,5/25/2024,books,west,4,$125.32 ,501.28
10209,3/31/2024,Electronics,east,10,$78.60 ,786
10210,3/2/2024,clothings,east,4,$10.34 ,41.36
10211,3/20/2024,toys,north ,6,$38.28 ,229.68
10212,2/8/2024,Home goods,west,3,  ,
10213,3/22/2024,clothings,west,6,$88.31 ,529.86
10214,3/24/2024,Electronics,north ,5,$133.01 ,665.05
10215,5/19/2024,clothings,west,7,$67.96 ,475.72
10216,2/26/2024,clothings,north ,4,$147.26 ,589.04
10217,4/29/2024,Electronics,east,1,$135.93 ,135.93
10218,4/25/2024,Home goods,north ,9,$96.65 ,869.85
10219,3/3/2024,toys,north ,2,$171.65 ,343.3
10220,4/29/2024,Home goods,north ,5,$58.94 ,294.7
10221,5/4/2024,Home goods,south,1,$25.32 ,25.32
10222,3/11/2024,toys,west,8, Thirty ,
10223,5/26/2024,clothings,north ,3,$20.20 ,60.6
10224,1/4/2024,Electronics,west,5,$115.04 ,575.2
10225,5/30/2024,clothings,south,2,  ,
10226,6/2/2024,toys,east,9,$160.24 ,1442.16
10227,4/4/2024,clothings,east,10,$117.27 ,1172.7
10228,4/9/2024,clothings,north ,1,$146.45 ,146.45
10229,4/15/2024,sports,west,7,$148.85 ,1041.95
10230,3/8/2024,books,north ,2,$154.51 ,309.02
10231,1/28/2024,sports,north ,7,$187.50 ,1312.5
10232,3/29/2024,toys,west,1,$123.21 ,123.21
10233,4/13/2024,Electronics,west,10,$104.04 ,1040.4
10234,2/8/2024,Home goods,east,10,$22.34 ,223.4
10235,1/12/2024,clothings,west,9,$75.43 ,678.87
10236,5/27/2024,Home goods,north ,2,$55.62 ,111.24
10237,3/8/2024,books,west,4,$122.14 ,488.56
10238,4/28/2024,Electronics,north ,7,$100.22 ,701.54
10239,5/14/2024,Electronics,south,8,$101.89 ,815.12
10240,3/1/2024,Home goods,north ,2,$196.15 ,392.3
10241,3/1/2024,Home goods,south,2,$116.82 ,233.64
10242,1/16/2024,sports,south,1,$59.93 ,59.93
10243,2/27/2024,books,west,3,$36.73 ,110.19
10244,5/11/2024,Home goods,east,3,$85.04 ,255.12
10245,3/25/2024,Home goods,north ,6,$37.37 ,224.22
10246,3/15/2024,books,west,6,$194.59 ,1167.54
10247,6/5/2024,books,west,7,$144.28 ,1009.96
10248,2/16/2024,books,east,6,$117.33 ,703.98
10249,1/5/2024,Electronics,east,2,$142.82 ,285.64
10250,3/7/2024,clothings,west,8,$185.88 ,1487.04
10251,6/15/2024,sports,east,7,$87.15 ,610.05
10252,5/11/2024,Electronics,west,10,$151.49 ,1514.9
10253,2/16/2024,Electronics,west,10,$17.77 ,177.7
10254,3/20/2024,books,north ,1,$135.79 ,135.79
10255,5/1/2024,books,east,6, Thirty ,
10256,4/15/2024,sports,south,4,$16.44 ,65.76
10257,5/1/2024,clothings,north ,3,$136.66 ,409.98
10258,6/20/2024,Home goods,south,6,$92.76 ,556.56
10259,2/17/2024,toys,north ,5,$75.15 ,375.75
10260,1/1/2024,toys,west,8, Thirty ,
10261,6/11/2024,toys,north ,7,$50.60 ,354.2
10262,3/12/2024,books,south,3,$75.58 ,226.74
10263,4/7/2024,clothings,east,4,$128.73 ,514.92
10264,5/9/2024,sports,west,8,$50.43 ,403.44
10265,4/30/2024,clothings,north ,3,$96.41 ,289.23
10266,6/27/2024,books,north ,1,$166.52 ,166.52
10267,5/5/2024,clothings,north ,1,$113.36 ,113.36
10268,4/14/2024,toys,east,4,$123.65 ,494.6
10269,4/13/2024,toys,east,4,$101.49 ,405.96
10270,3/8/2024,Home goods,west,9,$24.38 ,219.42
10271,3/14/2024,toys,east,7,$33.45 ,234.15
10272,2/12/2024,toys,east,3,$108.34 ,325.02
10273,6/21/2024,clothings,south,1,$162.61 ,162.61
10274,6/24/2024,Home goods,west,9,$69.58 ,626.22
10275,2/25/2024,Home goods,west,5,$194.36 ,971.8
10276,6/27/2024,sports,south,6,$171.17 ,1027.02
10277,3/8/2024,sports,north ,3,$183.62 ,550.86
10278,2/10/2024,clothings,east,10,$53.61 ,536.1
10279,2/14/2024,toys,south,1,$46.98 ,46.98
10280,1/11/2024,Home goods,east,6,$35.64 ,213.84
10281,6/21/2024,Home goods,south,1,$131.59 ,131.59
10282,1/19/2024,Electronics,north ,10,$57.94 ,579.4
10283,2/19/2024,clothings,north ,6,$28.84 ,173.04
10284,2/16/2024,Home goods,north ,,$113.81 ,
10285,5/20/2024,clothings,east,3,$16.96 ,50.88
10286,1/1/2024,Home goods,south,3,$126.33 ,378.99
10287,6/26/2024,sports,west,6,$132.37 ,794.22
10288,1/1/2024,clothings,east,1,$118.36 ,118.36
10289,1/31/2024,Home goods,west,3,$163.82 ,491.46
10290,2/18/2024,Home goods,north ,6,$131.76 ,790.56
10291,6/25/2024,books,east,10,$156.25 ,1562.5
10292,6/9/2024,clothings,east,2,$191.52 ,383.04
10293,4/7/2024,books,north ,4,$36.86 ,147.44
10294,3/13/2024,toys,north ,2,$104.35 ,208.7
10295,1/26/2024,books,west,8, Thirty ,
10296,5/7/2024,Home goods,north ,8,$39.73 ,317.84
10297,6/22/2024,books,east,2,$172.91 ,345.82
10298,3/19/2024,sports,east,9,$109.49 ,985.41
10299,1/30/2024,sports,south,1,$116.93 ,116.93
10300,5/28/2024,clothings,south,7,$16.92 ,118.44
10301,6/24/2024,Home goods,north ,1,$87.77 ,87.77
10302,4/19/2024,clothings,south,4,$27.62 ,110.48
10303,1/13/2024,sports,east,5,$164.50 ,822.5
10304,3/17/2024,toys,north ,10,$111.68 ,1116.8
10305,2/6/2024,sports,north ,,$27.95 ,
10306,5/24/2024,sports,west,9,$198.30 ,1784.7
10307,5/6/2024,books,south,7,$123.77 ,866.39
10308,5/12/2024,clothings,south,1,$99.28 ,99.28
10309,1/2/2024,Electronics,east,2,$50.52 ,101.04
10310,5/15/2024,clothings,south,5,$164.49 ,822.45
10311,3/23/2024,sports,north ,6,$47.85 ,287.1
10312,1/22/2024,clothings,west,2,$109.94 ,219.88
10313,3/30/2024,Home goods,south,6,$120.76 ,724.56
10314,5/5/2024,Home goods,west,5,$114.19 ,570.95
10315,2/27/2024,Electronics,east,3,$64.85 ,194.55
10316,5/29/2024,books,south,2,$172.75 ,345.5
10317,3/25/2024,Electronics,west,7,$127.47 ,892.29
10318,4/20/2024,sports,east,10,$168.93 ,1689.3
10319,4/26/2024,books,south,5,$137.41 ,687.05
10320,5/21/2024,sports,east,2,$120.40 ,240.8
10321,2/3/2024,Home goods,north ,4,$89.04 ,356.16
10322,2/22/2024,toys,east,10,$41.91 ,419.1
10323,5/16/2024,Electronics,east,7,$140.62 ,984.34
10324,5/7/2024,Home goods,east,9,$101.78 ,916.02
10325,5/3/2024,Home goods,south,1,$114.59 ,114.59
10326,4/28/2024,books,south,9,$157.05 ,1413.45
10327,4/20/2024,Electronics,south,8,$137.75 ,1102
10328,2/27/2024,sports,west,,$69.81 ,
10329,4/6/2024,Electronics,east,2,$141.70 ,283.4
10330,6/25/2024,books,west,6,$152.34 ,914.04
10331,5/25/2024,sports,east,4,$44.92 ,179.68
10332,2/27/2024,Home goods,south,,$20.09 ,
10333,6/28/2024,toys,east,5,$35.60 ,178
10334,1/8/2024,clothings,south,8,$74.63 ,597.04
10335,1/16/2024,Home goods,east,,$177.04 ,
10336,5/3/2024,Electronics,north ,8,$142.62 ,1140.96
10337,6/12/2024,Electronics,east,6,$44.64 ,267.84
10338,4/18/2024,clothings,west,8,$177.17 ,1417.36
10339,4/6/2024,books,west,9,$15.51 ,139.59
10340,4/1/2024,Home goods,west,1,$72.17 ,72.17
10341,3/25/2024,Home goods,west,8,$11.57 ,92.56
10342,5/22/2024,clothings,south,5,$26.06 ,130.3
10343,2/6/2024,Home goods,east,6,$129.92 ,779.52
10344,5/13/2024,books,north ,7,$142.53 ,997.71
10345,1/18/2024,toys,east,8,  ,
10346,1/19/2024,toys,north ,8,$147.69 ,1181.52
10347,3/6/2024,clothings,south,9,$55.51 ,499.59
10348,4/15/2024,sports,north ,,$109.03 ,
10349,2/7/2024,Home goods,north ,8,$172.82 ,1382.56
10350,2/19/2024,Electronics,west,1,$181.90 ,181.9
10351,6/18/2024,sports,east,10,$64.02 ,640.2
10352,1/10/2024,Home goods,west,4,$51.77 ,207.08
10353,5/28/2024,clothings,east,2,$192.22 ,384.44
10354,5/27/2024,clothings,south,5,$98.96 ,494.8
10355,4/22/2024,toys,east,9,$120.08 ,1080.72
10356,2/17/2024,toys,south,6,$158.58 ,951.48
10357,2/22/2024,Electronics,south,7,$10.52 ,73.64
10358,2/4/2024,Home goods,west,10,$85.80 ,858
10359,1/1/2024,toys,west,5,$148.70 ,743.5
10360,3/7/2024,Electronics,north ,7,$58.40 ,408.8
10361,1/30/2024,clothings,west,6,$20.58 ,123.48
10362,2/22/2024,toys,north ,9,$174.68 ,1572.12
10363,3/21/2024,clothings,north ,8,$176.30 ,1410.4
10364,3/15/2024,Electronics,west,2,$91.13 ,182.26
10365,2/6/2024,Home goods,east,6,$40.32 ,241.92
10366,5/17/2024,Home goods,north ,6,$113.29 ,679.74
10367,1/16/2024,books,east,3,$138.59 ,415.77
10368,6/18/2024,books,south,10,$124.80 ,1248
10369,1/25/2024,Electronics,west,9,$76.98 ,692.82
10370,3/18/2024,books,south,,$15.01 ,
10371,2/1/2024,books,south,1,$181.17 ,181.17
10372,6/30/2024,sports,east,7,$91.91 ,643.37
10373,3/1/2024,toys,south,1,$134.45 ,134.45
10374,5/27/2024,Electronics,east,10,$166.62 ,1666.2
10375,4/28/2024,Electronics,west,2,$187.00 ,374
10376,2/9/2024,toys,south,8,$132.65 ,1061.2
10377,2/13/2024,books,east,9,$16.07 ,144.63
10378,2/2/2024,books,south,,$196.46 ,
10379,3/8/2024,Home goods,north ,, Thirty ,
10380,3/11/2024,toys,east,5,$70.68 ,353.4
10381,2/4/2024,Home goods,north ,2,$53.54 ,107.08
10382,6/10/2024,toys,west,9,$114.37 ,1029.33
10383,5/13/2024,Home goods,east,4,$79.44 ,317.76
10384,1/12/2024,books,south,1,$29.67 ,29.67
10385,5/30/2024,clothings,west,2,$18.95 ,37.9
10386,4/10/2024,Home goods,north ,4,$90.80 ,363.2
10387,4/13/2024,clothings,north ,5,$43.28 ,216.4
10388,5/24/2024,sports,east,1,$10.37 ,10.37
10389,5/6/2024,Electronics,south,,$82.69 ,
10390,6/13/2024,toys,west,6,$30.87 ,185.22
10391,1/26/2024,sports,south,4,$64.84 ,259.36
10392,3/20/2024,Home goods,east,1,$142.65 ,142.65
10393,5/24/2024,Home goods,west,1,$188.12 ,188.12
10394,3/22/2024,sports,east,8,$19.13 ,153.04
10395,6/26/2024,sports,north ,5,$135.10 ,675.5
10396,5/16/2024,Electronics,north ,9, Thirty ,
10397,4/28/2024,sports,east,2,$166.17 ,332.34
10398,1/17/2024,clothings,east,2,$111.57 ,223.14
10399,2/5/2024,Electronics,north ,1,$50.93 ,50.93
10400,3/4/2024,sports,east,10,$137.00 ,1370
10401,6/17/2024,books,east,2,$166.04 ,332.08
10402,5/15/2024,sports,south,9,$25.77 ,231.93
10403,5/27/2024,Electronics,north ,7,$128.68 ,900.76
10404,2/13/2024,toys,north ,7,$78.15 ,547.05
10405,5/16/2024,sports,north ,7,$129.14 ,903.98
10406,1/29/2024,Electronics,north ,5,$119.42 ,597.1
10407,1/31/2024,books,north ,5,$116.88 ,584.4
10408,4/30/2024,sports,east,5,$98.83 ,494.15
10409,3/9/2024,clothings,east,6,$70.22 ,421.32
10410,1/26/2024,Home goods,west,6,$168.78 ,1012.68
10411,2/6/2024,Electronics,west,3,$119.37 ,358.11
10412,1/12/2024,Home goods,west,3,  ,
10413,2/7/2024,toys,east,1,$103.33 ,103.33
10414,3/27/2024,Electronics,south,8,  ,
10415,6/24/2024,toys,east,1,$143.06 ,143.06
10416,1/11/2024,clothings,north ,4,$196.85 ,787.4
10417,3/1/2024,Home goods,north ,2,$94.84 ,189.68
10418,2/10/2024,toys,north ,3,$57.71 ,173.13
10419,2/17/2024,books,east,1,$119.91 ,119.91
10420,1/13/2024,clothings,north ,4,$104.60 ,418.4
10421,6/19/2024,sports,south,2,$163.96 ,327.92
10422,4/2/2024,Electronics,west,1,$173.97 ,173.97
10423,4/21/2024,sports,east,4,$177.04 ,708.16
10424,1/5/2024,sports,south,6,$44.15 ,264.9
10425,4/18/2024,clothings,north ,2,$196.71 ,393.42
10426,1/20/2024,Electronics,north ,2,$146.48 ,292.96
10427,1/15/2024,Electronics,north ,3,$154.49 ,463.47
10428,2/1/2024,clothings,west,7,$177.15 ,1240.05
10429,1/16/2024,toys,north ,1,$68.12 ,68.12
10430,2/1/2024,toys,south,2,$72.90 ,145.8
10431,4/27/2024,clothings,south,8,$78.12 ,624.96
10432,1/12/2024,toys,west,10,$67.49 ,674.9
10433,6/18/2024,Electronics,west,9,$165.40 ,1488.6
10434,2/21/2024,sports,west,8,$144.77 ,1158.16
10435,6/22/2024,toys,north ,3,$54.36 ,163.08
10436,3/28/2024,books,south,2,$13.95 ,27.9
10437,2/10/2024,Home goods,west,1,$182.83 ,182.83
10438,1/29/2024,clothings,west,1,$116.40 ,116.4
10439,1/5/2024,sports,south,6,$91.50 ,549
10440,1/6/2024,Electronics,south,4,$74.84 ,299.36
10441,5/4/2024,sports,east,2,$162.81 ,325.62
10442,3/31/2024,sports,west,9,$162.64 ,1463.76
10443,3/21/2024,books,west,9,$134.62 ,1211.58
10444,5/28/2024,clothings,south,3,$91.12 ,273.36
10445,6/11/2024,books,west,3,$19.07 ,57.21
10446,5/31/2024,toys,north ,3,$33.78 ,101.34
10447,3/14/2024,Home goods,south,10,$132.79 ,1327.9
10448,3/1/2024,sports,north ,8,$153.35 ,1226.8
10449,5/25/2024,Home goods,east,8,$195.42 ,1563.36
10450,5/1/2024,sports,west,1,$185.87 ,185.87
10451,1/10/2024,toys,east,6,$92.71 ,556.26
10452,5/23/2024,books,west,7,$172.07 ,1204.49
10453,2/5/2024,Electronics,west,5,$155.85 ,779.25
10454,6/26/2024,sports,south,6,$21.93 ,131.58
10455,3/23/2024,Electronics,south,6,$58.11 ,348.66
10456,2/3/2024,toys,north ,3,$61.42 ,184.26
10457,1/11/2024,toys,north ,10,$20.75 ,207.5
10458,6/14/2024,sports,south,6,$181.34 ,1088.04
10459,1/6/2024,sports,west,3,$41.57 ,124.71
10460,6/12/2024,Home goods,east,2,$24.54 ,49.08
10461,2/6/2024,toys,east,6,$196.91 ,1181.46
10462,5/21/2024,sports,east,10,$128.99 ,1289.9
10463,4/14/2024,clothings,north ,10,$13.45 ,134.5
10464,6/30/2024,clothings,east,9,  ,
10465,4/2/2024,toys,north ,7,$50.13 ,350.91
10466,2/13/2024,sports,west,1,$84.22 ,84.22
10467,1/23/2024,sports,north ,1,$101.02 ,101.02
10468,1/7/2024,books,east,5,$111.37 ,556.85
10469,2/18/2024,clothings,west,8,$38.42 ,307.36
10470,6/8/2024,clothings,west,5,$95.66 ,478.3
10471,6/27/2024,clothings,north ,5,$131.33 ,656.65
10472,6/4/2024,Electronics,north ,2,$122.75 ,245.5
10473,2/23/2024,clothings,east,9,$152.27 ,1370.43
10474,5/18/2024,toys,east,8,$93.30 ,746.4
10475,1/28/2024,Home goods,north ,5,$74.08 ,370.4
10476,3/6/2024,books,west,4,$182.22 ,728.88
10477,5/31/2024,clothings,south,1,$156.20 ,156.2
10478,5/12/2024,toys,north ,10,$46.97 ,469.7
10479,5/11/2024,books,north ,1,$104.35 ,104.35
10480,6/27/2024,sports,west,10,$172.95 ,1729.5
10481,2/7/2024,toys,north ,2,$141.57 ,283.14
10482,2/14/2024,toys,east,2,$107.35 ,214.7
10483,2/18/2024,Electronics,east,8,$106.02 ,848.16
10484,4/15/2024,Electronics,north ,,$99.06 ,
10485,2/2/2024,sports,north ,10,$162.95 ,1629.5
10486,1/18/2024,books,north ,3,$92.12 ,276.36
10487,6/18/2024,Electronics,north ,10,$193.80 ,1938
10488,6/4/2024,sports,west,3,$116.78 ,350.34
10489,2/26/2024,sports,east,5,$53.22 ,266.1
10490,1/8/2024,clothings,north ,10,$101.55 ,1015.5
10491,4/11/2024,Electronics,east,5,$122.73 ,613.65
10492,6/2/2024,clothings,north ,3,$163.18 ,489.54
10493,6/9/2024,toys,east,10,$102.99 ,1029.9
10494,2/5/2024,Electronics,west,8,$21.40 ,171.2
10495,4/18/2024,sports,west,3,$108.38 ,325.14
10496,1/18/2024,books,south,5,$80.72 ,403.6
10497,5/16/2024,Electronics,west,2,$64.75 ,129.5
10498,3/15/2024,Electronics,east,1,$35.63 ,35.63
10499,6/4/2024,books,north ,9,$149.64 ,1346.76
10500,2/9/2024,clothings,west,2,$183.80 ,367.6
10501,6/25/2024,Electronics,south,,$21.39 ,
10502,3/16/2024,toys,north ,3,$73.67 ,221.01
10503,4/10/2024,Home goods,east,9,$17.63 ,158.67
10504,3/24/2024,Electronics,north ,1,$104.08 ,104.08
10505,6/7/2024,Home goods,west,8,$195.29 ,1562.32
10506,2/19/2024,sports,north ,5,$180.12 ,900.6
10507,3/6/2024,Electronics,south,1,$49.66 ,49.66
10508,6/3/2024,clothings,east,2,$115.76 ,231.52
10509,6/3/2024,toys,north ,10,$22.71 ,227.1
10510,3/23/2024,toys,north ,10,$28.34 ,283.4
10511,1/9/2024,Home goods,north ,1,$32.46 ,32.46
10512,1/5/2024,Electronics,east,1,$148.77 ,148.77
10513,4/5/2024,Electronics,south,9,$128.62 ,1157.58
10514,6/24/2024,Home goods,east,3,$24.65 ,73.95
10515,3/28/2024,books,west,2,$93.68 ,187.36
10516,3/30/2024,clothings,east,2,$74.00 ,148
10517,3/15/2024,Electronics,west,4,$19.73 ,78.92
10518,2/20/2024,clothings,east,,$107.95 ,
10519,6/19/2024,toys,west,2,$51.98 ,103.96
10520,5/14/2024,Electronics,north ,6,$114.88 ,689.28
10521,5/27/2024,toys,west,6,$191.82 ,1150.92
10522,4/24/2024,Electronics,west,6,$80.01 ,480.06
10523,1/23/2024,books,west,7,$75.46 ,528.22
10524,1/11/2024,sports,east,4,$106.80 ,427.2
10525,6/1/2024,sports,east,9,$186.84 ,1681.56
10526,2/24/2024,Home goods,east,8,$108.85 ,870.8
10527,6/14/2024,toys,east,4,$108.52 ,434.08
10528,5/2/2024,toys,west,6,$149.30 ,895.8
10529,6/25/2024,Electronics,north ,5,$151.60 ,758
10530,1/27/2024,sports,north ,8,$187.85 ,1502.8
10531,2/9/2024,toys,west,9,$178.43 ,1605.87
10532,5/14/2024,clothings,north ,8,$124.56 ,996.48
10533,2/17/2024,Home goods,north ,8,$195.68 ,1565.44
10534,3/16/2024,Home goods,west,6,$87.84 ,527.04
10535,2/7/2024,Electronics,west,8,$80.32 ,642.56
10536,5/28/2024,toys,east,4,$120.84 ,483.36
10537,5/15/2024,books,north ,8,$44.91 ,359.28
10538,4/14/2024,Electronics,north ,2,$74.90 ,149.8
10539,4/17/2024,books,east,5,$82.33 ,411.65
10540,6/4/2024,Home goods,east,8,$72.43 ,579.44
10541,5/15/2024,clothings,east,9,$100.02 ,900.18
10542,2/9/2024,Home goods,west,1,$101.93 ,101.93
10543,4/14/2024,toys,west,9,$86.83 ,781.47
10544,1/24/2024,Home goods,west,1,$29.07 ,29.07
10545,4/3/2024,sports,north ,5,  ,
10546,1/6/2024,sports,south,8,$134.84 ,1078.72
10547,5/25/2024,books,north ,8,$54.50 ,436
10548,3/9/2024,Electronics,west,5,$150.68 ,753.4
10549,3/11/2024,Electronics,north ,2,$136.94 ,273.88
10550,2/26/2024,Home goods,west,,$71.35 ,
10551,4/15/2024,sports,south,6,$13.79 ,82.74
10552,1/12/2024,sports,north ,4,$116.19 ,464.76
10553,2/27/2024,Home goods,south,7,$104.44 ,731.08
10554,4/28/2024,clothings,east,10,$175.44 ,1754.4
10555,6/25/2024,sports,east,5,$113.55 ,567.75
10556,3/28/2024,Electronics,south,5,$53.87 ,269.35
10557,1/27/2024,sports,south,1,$151.60 ,151.6
10558,1/19/2024,Home goods,north ,6,$110.00 ,660
10559,3/11/2024,Electronics,south,5,$122.79 ,613.95
10560,1/15/2024,books,east,7,$46.38 ,324.66
10561,2/9/2024,clothings,north ,2,$189.34 ,378.68
10562,2/19/2024,Electronics,west,8,$96.71 ,773.68
10563,3/30/2024,toys,north ,7,$177.96 ,1245.72
10564,4/28/2024,books,west,2,$68.85 ,137.7
10565,4/14/2024,toys,north ,1,$41.36 ,41.36
10566,3/20/2024,Electronics,north ,2,$68.21 ,136.42
10567,4/12/2024,toys,east,3,$35.77 ,107.31
10568,3/21/2024,toys,east,8,$16.08 ,128.64
10569,5/25/2024,sports,east,1,$94.28 ,94.28
10570,1/11/2024,books,east,,$147.75 ,
10571,3/25/2024,sports,west,10,$107.34 ,1073.4
10572,6/3/2024,Home goods,south,5,$101.60 ,508
10573,6/29/2024,toys,east,3,$77.68 ,233.04
10574,5/24/2024,clothings,south,8,$53.13 ,425.04
10575,4/27/2024,sports,south,4,$13.94 ,55.76
10576,1/2/2024,Electronics,south,1,$11.84 ,11.84
10577,2/13/2024,clothings,west,4,$148.59 ,594.36
10578,4/11/2024,toys,north ,1,$21.81 ,21.81
10579,4/23/2024,toys,east,1,$106.19 ,106.19
10580,1/24/2024,toys,south,10,$80.62 ,806.2
10581,6/1/2024,clothings,south,1,$95.72 ,95.72
10582,1/27/2024,Electronics,north ,9,$34.08 ,306.72
10583,6/12/2024,Electronics,west,3,$62.20 ,186.6
10584,3/24/2024,Home goods,west,9,$51.82 ,466.38
10585,5/12/2024,Electronics,south,3,$167.16 ,501.48
10586,4/3/2024,sports,east,,$159.66 ,
10587,2/13/2024,Home goods,south,8,$23.34 ,186.72
10588,3/16/2024,Home goods,north ,8,$111.44 ,891.52
10589,2/16/2024,books,north ,6,$71.19 ,427.14
10590,6/25/2024,toys,west,2,$47.18 ,94.36
10591,1/24/2024,toys,south,10,$88.23 ,882.3
10592,2/2/2024,toys,south,7,$139.76 ,978.32
10593,6/25/2024,clothings,south,3,$59.27 ,177.81
10594,3/24/2024,Electronics,west,9,$111.12 ,1000.08
10595,3/18/2024,sports,north ,6,$94.22 ,565.32
10596,3/20/2024,toys,north ,1,$110.81 ,110.81
10597,1/23/2024,sports,south,3,$36.69 ,110.07
10598,3/7/2024,clothings,north ,5,$131.77 ,658.85
10599,5/13/2024,Electronics,north ,8,$80.37 ,642.96
10600,5/26/2024,sports,north ,7,$139.91 ,979.37
10601,3/15/2024,books,south,9,  ,
10602,2/28/2024,books,south,10,$174.00 ,1740
10603,1/18/2024,sports,west,6,$44.67 ,268.02
10604,1/13/2024,Home goods,south,3,$29.87 ,89.61
10605,3/15/2024,Home goods,south,10,$62.91 ,629.1
10606,5/27/2024,books,west,5,$78.19 ,390.95
10607,1/1/2024,Home goods,west,9,$139.37 ,1254.33
10608,3/31/2024,sports,west,7,$170.78 ,1195.46
10609,1/21/2024,sports,east,5,$162.53 ,812.65
10610,3/30/2024,Home goods,west,5,$175.24 ,876.2
10611,3/23/2024,Electronics,south,10,$144.73 ,1447.3
10612,1/8/2024,toys,west,7,$102.42 ,716.94
10613,4/13/2024,sports,south,2,$164.11 ,328.22
10614,5/20/2024,Home goods,east,3,$14.76 ,44.28
10615,6/1/2024,sports,north ,9,$131.67 ,1185.03
10616,2/1/2024,Home goods,south,7,$61.21 ,428.47
10617,6/11/2024,Home goods,west,10,$41.04 ,410.4
10618,5/19/2024,sports,north ,7,$109.45 ,766.15
10619,1/10/2024,Electronics,north ,3,$84.37 ,253.11
10620,3/31/2024,clothings,south,1,$195.65 ,195.65
10621,1/6/2024,sports,north ,8,$92.59 ,740.72
10622,5/19/2024,toys,south,8, Thirty ,
10623,1/6/2024,toys,north ,3,$199.26 ,597.78
10624,4/23/2024,Home goods,west,10,$36.57 ,365.7
10625,3/21/2024,books,north ,10,$143.05 ,1430.5
10626,1/9/2024,Home goods,south,9,$39.17 ,352.53
10627,4/27/2024,Electronics,north ,10,$89.51 ,895.1
10628,4/30/2024,Electronics,east,9,  ,
10629,6/3/2024,sports,south,,$176.86 ,
10630,2/17/2024,Home goods,north ,7,$131.01 ,917.07
10631,4/13/2024,sports,south,3,$22.99 ,68.97
10632,4/8/2024,Electronics,west,6,$18.38 ,110.28
10633,1/15/2024,Home goods,south,6,$47.10 ,282.6
10634,3/30/2024,toys,east,7,$180.27 ,1261.89
10635,1/23/2024,sports,west,1,$51.50 ,51.5
10636,2/15/2024,clothings,south,9,$126.66 ,1139.94
10637,4/22/2024,Home goods,west,6,$112.29 ,673.74
10638,4/26/2024,Home goods,east,9,$83.78 ,754.02
10639,4/15/2024,Electronics,west,2,$101.66 ,203.32
10640,3/8/2024,toys,east,9,$116.94 ,1052.46
10641,1/20/2024,Home goods,east,10,$143.00 ,1430
10642,4/29/2024,Home goods,east,,$196.78 ,
10643,5/13/2024,toys,west,4,$56.05 ,224.2
10644,5/7/2024,clothings,east,8,$181.14 ,1449.12
10645,1/30/2024,Electronics,west,5,$22.26 ,111.3
10646,4/10/2024,books,north ,9,$197.63 ,1778.67
10647,1/16/2024,books,north ,2,$73.06 ,146.12
10648,4/9/2024,books,west,8,$144.98 ,1159.84
10649,4/7/2024,toys,east,10,$40.98 ,409.8
10650,1/29/2024,Home goods,north ,5,$167.13 ,835.65
10651,2/18/2024,books,south,9,$124.91 ,1124.19
10652,3/3/2024,toys,west,6,$179.44 ,1076.64
10653,5/28/2024,clothings,south,8,$91.56 ,732.48
10654,2/8/2024,toys,south,5,$79.24 ,396.2
10655,3/16/2024,toys,west,10,$37.51 ,375.1
10656,4/7/2024,clothings,north ,7,$196.71 ,1376.97
10657,5/12/2024,clothings,west,10,$83.58 ,835.8
10658,4/25/2024,clothings,north ,,$13.45 ,
10659,3/7/2024,books,south,7,$125.07 ,875.49
10660,3/20/2024,clothings,south,9,$168.84 ,1519.56
10661,1/27/2024,sports,north ,3,$188.76 ,566.28
10662,5/12/2024,books,east,3,$110.29 ,330.87
10663,3/29/2024,Electronics,east,5,$124.03 ,620.15
10664,4/23/2024,Home goods,east,5,$97.73 ,488.65
10665,4/4/2024,books,west,10,$38.40 ,384
10666,3/4/2024,toys,west,6,$19.96 ,119.76
10667,6/19/2024,toys,north ,9,$41.01 ,369.09
10668,1/28/2024,toys,west,6,$32.43 ,194.58
10669,6/28/2024,sports,west,10,$83.78 ,837.8
10670,5/16/2024,toys,north ,4,$90.21 ,360.84
10671,1/24/2024,clothings,north ,7,$50.41 ,352.87
10672,3/12/2024,clothings,south,3,$52.81 ,158.43
10673,3/14/2024,books,south,2,$42.80 ,85.6
10674,1/13/2024,toys,west,5,$141.46 ,707.3
10675,4/9/2024,toys,south,6,$186.12 ,1116.72
10676,6/1/2024,toys,south,8,$122.45 ,979.6
10677,4/11/2024,Electronics,east,2,$168.93 ,337.86
10678,6/10/2024,sports,north ,1,$103.96 ,103.96
10679,5/23/2024,books,south,5,$139.50 ,697.5
10680,5/11/2024,sports,south,5,$141.03 ,705.15
10681,5/15/2024,books,east,8,$75.62 ,604.96
10682,1/20/2024,toys,south,4,$115.05 ,460.2
10683,3/15/2024,Home goods,south,4,$180.66 ,722.64
10684,3/1/2024,toys,west,1,$179.64 ,179.64
10685,1/28/2024,clothings,east,3,$89.99 ,269.97
10686,2/16/2024,clothings,east,8,$19.98 ,159.84
10687,5/14/2024,sports,west,4,$183.23 ,732.92
10688,1/13/2024,toys,east,5,$17.05 ,85.25
10689,1/27/2024,Electronics,west,6,$164.74 ,988.44
10690,5/9/2024,books,east,1,$39.38 ,39.38
10691,5/31/2024,books,south,6,$38.28 ,229.68
10692,1/13/2024,toys,east,5,$102.94 ,514.7
10693,4/23/2024,Electronics,west,6,$104.47 ,626.82
10694,5/10/2024,clothings,south,7,$117.64 ,823.48
10695,2/20/2024,Home goods,west,2,$131.07 ,262.14
10696,3/4/2024,Electronics,east,3,$129.67 ,389.01
10697,5/12/2024,clothings,south,1,$124.14 ,124.14
10698,3/29/2024,books,north ,2,$141.30 ,282.6
10699,4/18/2024,sports,north ,3,$27.06 ,81.18
10700,2/25/2024,clothings,south,4,$65.63 ,262.52
10701,5/23/2024,books,west,2,$77.99 ,155.98
10702,4/22/2024,clothings,north ,5,$127.56 ,637.8
10703,6/3/2024,books,west,1,$17.71 ,17.71
10704,6/13/2024,Electronics,east,8,$39.46 ,315.68
10705,2/8/2024,books,east,1,$103.60 ,103.6
10706,3/28/2024,toys,north ,6,$163.39 ,980.34
10707,6/19/2024,sports,west,8,$180.53 ,1444.24
10708,3/9/2024,clothings,west,8,$58.33 ,466.64
10709,4/25/2024,clothings,north ,1,$98.49 ,98.49
10710,4/16/2024,toys,west,5,$77.70 ,388.5
10711,4/24/2024,books,south,5,$48.36 ,241.8
10712,2/27/2024,clothings,west,9,$83.24 ,749.16
10713,1/29/2024,toys,east,1,$115.81 ,115.81
10714,3/13/2024,toys,east,9,$139.82 ,1258.38
10715,3/5/2024,Electronics,east,4,$69.34 ,277.36
10716,6/3/2024,Electronics,south,,$163.21 ,
10717,2/16/2024,Electronics,south,8,$155.43 ,1243.44
10718,6/30/2024,books,south,9,$74.37 ,669.33
10719,6/14/2024,sports,north ,3,$27.08 ,81.24
10720,5/24/2024,Home goods,east,4,$87.49 ,349.96
10721,1/18/2024,sports,east,1,$72.04 ,72.04
10722,6/19/2024,Home goods,west,9,$81.42 ,732.78
10723,3/9/2024,Home goods,east,,$104.91 ,
10724,1/9/2024,Electronics,south,7,$102.91 ,720.37
10725,3/31/2024,toys,north ,3,$138.15 ,414.45
10726,6/9/2024,sports,south,9,$138.72 ,1248.48
10727,4/12/2024,Home goods,south,10,$100.29 ,1002.9
10728,6/2/2024,toys,west,1,$150.69 ,150.69
10729,3/18/2024,sports,east,4,$195.99 ,783.96
10730,3/30/2024,Home goods,south,1,$85.31 ,85.31
10731,5/18/2024,toys,north ,8,$84.55 ,676.4
10732,6/16/2024,clothings,east,4,$148.76 ,595.04
10733,5/13/2024,books,west,3,$128.39 ,385.17
10734,1/10/2024,clothings,west,2,$44.36 ,88.72
10735,2/13/2024,sports,west,3,$194.74 ,584.22
10736,4/16/2024,Home goods,west,3,$19.90 ,59.7
10737,3/19/2024,sports,south,2,$161.96 ,323.92
10738,2/12/2024,toys,north ,8,$113.56 ,908.48
10739,2/7/2024,Home goods,north ,6,$140.40 ,842.4
10740,5/25/2024,sports,south,1,$107.89 ,107.89
10741,3/16/2024,Home goods,south,3,  ,
10742,2/15/2024,books,east,3,$54.62 ,163.86
10743,3/24/2024,Home goods,north ,1,$140.22 ,140.22
10744,1/13/2024,Home goods,west,1,$44.70 ,44.7
10745,4/18/2024,Home goods,north ,8,$199.64 ,1597.12
10746,5/25/2024,Electronics,west,2,$118.24 ,236.48
10747,4/27/2024,toys,west,6,$168.41 ,1010.46
10748,3/26/2024,toys,north ,6,$131.79 ,790.74
10749,5/10/2024,books,north ,9,$16.85 ,151.65
10750,3/14/2024,Electronics,west,,$102.11 ,
10751,2/19/2024,books,west,1,$146.89 ,146.89
10752,2/16/2024,books,south,7,$75.17 ,526.19
10753,3/11/2024,Electronics,south,8,$115.62 ,924.96
10754,1/4/2024,sports,west,4,$33.11 ,132.44
10755,3/23/2024,Home goods,north ,8,$37.01 ,296.08
10756,1/25/2024,clothings,west,8,$149.15 ,1193.2
10757,4/3/2024,Electronics,east,6,$54.46 ,326.76
10758,1/7/2024,books,south,9,$114.04 ,1026.36
10759,5/12/2024,sports,south,8,$124.06 ,992.48
10760,5/4/2024,Electronics,north ,3,$182.50 ,547.5
10761,2/4/2024,Home goods,west,2,$52.38 ,104.76
10762,4/7/2024,clothings,north ,9,$177.43 ,1596.87
10763,5/13/2024,clothings,north ,8,$89.51 ,716.08
10764,3/25/2024,books,south,,$49.97 ,
10765,1/22/2024,toys,south,6,$80.39 ,482.34
10766,5/9/2024,Electronics,north ,6,$28.32 ,169.92
10767,1/16/2024,books,south,4,$55.44 ,221.76
10768,1/14/2024,toys,east,8,$27.91 ,223.28
10769,3/3/2024,Electronics,east,1, Thirty ,
10770,4/22/2024,clothings,north ,9,$198.66 ,1787.94
10771,5/30/2024,clothings,west,1,$152.86 ,152.86
10772,3/30/2024,Home goods,south,3,$134.97 ,404.91
10773,2/19/2024,toys,west,10,$146.89 ,1468.9
10774,4/30/2024,clothings,east,7,$22.46 ,157.22
10775,3/24/2024,toys,north ,9,$17.27 ,155.43
10776,2/9/2024,Home goods,north ,8,$63.00 ,504
10777,2/24/2024,Electronics,east,3,$40.02 ,120.06
10778,1/1/2024,clothings,west,7,$148.06 ,1036.42
10779,2/25/2024,sports,west,4,$171.82 ,687.28
10780,5/6/2024,books,west,3,$140.11 ,420.33
10781,3/3/2024,toys,south,2,$24.15 ,48.3
10782,1/26/2024,clothings,west,2,$91.90 ,183.8
10783,6/26/2024,clothings,south,5,$122.59 ,612.95
10784,6/30/2024,Home goods,north ,3,$119.67 ,359.01
10785,1/15/2024,Electronics,east,5,$163.17 ,815.85
10786,3/12/2024,sports,south,10,$94.54 ,945.4
10787,5/29/2024,clothings,west,9,$45.47 ,409.23
10788,1/24/2024,Electronics,south,8,$38.78 ,310.24
10789,5/19/2024,Home goods,south,6,$127.96 ,767.76
10790,1/14/2024,Electronics,south,,$37.97 ,
10791,4/1/2024,Home goods,south,2,$109.31 ,218.62
10792,1/26/2024,Home goods,west,4,$164.30 ,657.2
10793,2/27/2024,clothings,east,4,$147.54 ,590.16
10794,1/20/2024,Home goods,west,5,$83.10 ,415.5
10795,3/11/2024,Electronics,south,2,$130.88 ,261.76
10796,5/10/2024,books,north ,,$47.04 ,
10797,2/12/2024,Home goods,south,9,$75.08 ,675.72
10798,3/28/2024,sports,west,6,$147.05 ,882.3
10799,3/8/2024,books,west,7,$168.33 ,1178.31
10800,1/26/2024,sports,north ,8, Thirty ,
10801,5/16/2024,clothings,north ,2,$20.03 ,40.06
10802,2/20/2024,toys,east,6,$169.14 ,1014.84
10803,5/30/2024,Home goods,west,8,$108.49 ,867.92
10804,4/12/2024,sports,south,7,$23.39 ,163.73
10805,5/4/2024,books,north ,8,  ,
10806,6/22/2024,clothings,west,2,$84.71 ,169.42
10807,5/18/2024,toys,north ,6,$148.09 ,888.54
10808,5/30/2024,Home goods,south,4,$167.77 ,671.08
10809,3/11/2024,toys,north ,10,$11.91 ,119.1
10810,2/5/2024,Electronics,east,2,$57.74 ,115.48
10811,5/1/2024,toys,east,1,$54.29 ,54.29
10812,6/6/2024,Home goods,north ,1,$18.30 ,18.3
10813,4/5/2024,Home goods,south,5,$145.79 ,728.95
10814,6/14/2024,clothings,west,,$147.10 ,
10815,4/16/2024,clothings,south,3,$134.79 ,404.37
10816,6/8/2024,sports,east,5,$180.34 ,901.7
10817,2/15/2024,clothings,south,7,  ,
10818,2/5/2024,toys,north ,2,$118.73 ,237.46
10819,4/12/2024,Home goods,south,5,$168.36 ,841.8
10820,4/27/2024,clothings,east,2,$194.82 ,389.64
10821,4/8/2024,clothings,east,,$139.20 ,
10822,5/14/2024,Home goods,north ,8,$129.50 ,1036
10823,3/31/2024,sports,west,3,$84.80 ,254.4
10824,5/16/2024,sports,south,7,$63.86 ,447.02
10825,6/28/2024,sports,west,5,$51.80 ,259
10826,4/14/2024,clothings,north ,4,$166.20 ,664.8
10827,2/3/2024,Home goods,west,3,$94.71 ,284.13
10828,5/7/2024,books,east,2,$37.87 ,75.74
10829,4/27/2024,sports,north ,4,$142.14 ,568.56
10830,1/9/2024,clothings,south,2,$66.84 ,133.68
10831,3/2/2024,clothings,west,5,$164.04 ,820.2
10832,3/6/2024,clothings,north ,3,$181.49 ,544.47
10833,5/2/2024,toys,south,8,$86.43 ,691.44
10834,6/16/2024,toys,west,1,$48.80 ,48.8
10835,1/10/2024,toys,east,3,$167.17 ,501.51
10836,3/29/2024,sports,east,5,$13.30 ,66.5
10837,1/7/2024,clothings,north ,3,$77.37 ,232.11
10838,5/2/2024,clothings,west,,$151.53 ,
10839,2/20/2024,Home goods,east,8,$132.45 ,1059.6
10840,3/7/2024,Electronics,south,,$76.68 ,
10841,5/28/2024,books,north ,10,$198.67 ,1986.7
10842,4/3/2024,toys,west,4,$113.26 ,453.04
10843,4/18/2024,toys,south,8,$179.48 ,1435.84
10844,1/10/2024,sports,west,7,$39.15 ,274.05
10845,6/3/2024,sports,north ,1,$62.29 ,62.29
10846,2/28/2024,Home goods,east,7,$128.39 ,898.73
10847,6/13/2024,Electronics,north ,6,$197.47 ,1184.82
10848,6/3/2024,toys,west,5,$172.79 ,863.95
10849,1/17/2024,toys,west,6,$191.31 ,1147.86
10850,3/29/2024,Electronics,south,6,  ,
10851,3/5/2024,clothings,west,6,$149.11 ,894.66
10852,5/16/2024,Electronics,north ,7,$77.55 ,542.85
10853,6/10/2024,books,west,, Thirty ,
10854,2/12/2024,Electronics,east,9,$136.52 ,1228.68
10855,5/12/2024,sports,east,8,$85.23 ,681.84
10856,4/19/2024,sports,west,7,$111.41 ,779.87
10857,2/17/2024,sports,north ,2,$29.99 ,59.98
10858,4/2/2024,clothings,north ,10,$76.92 ,769.2
10859,4/20/2024,books,east,10,$126.48 ,1264.8
10860,5/17/2024,Home goods,south,2,$79.38 ,158.76
10861,5/19/2024,Electronics,west,,$38.35 ,
10862,6/25/2024,sports,north ,2,$39.13 ,78.26
10863,5/20/2024,sports,east,7,$130.52 ,913.64
10864,5/19/2024,sports,south,2,$119.68 ,239.36
10865,5/9/2024,toys,west,9,$123.95 ,1115.55
10866,4/28/2024,Home goods,south,4,$19.65 ,78.6
10867,2/9/2024,Electronics,north ,2,$155.79 ,311.58
10868,2/18/2024,books,north ,7,$193.15 ,1352.05
10869,5/25/2024,sports,south,6,$104.98 ,629.88
10870,6/30/2024,Home goods,south,10,$36.06 ,360.6
10871,2/21/2024,sports,east,10,$70.77 ,707.7
10872,6/3/2024,sports,south,8,$82.79 ,662.32
10873,6/5/2024,clothings,east,9,$21.78 ,196.02
10874,4/14/2024,Home goods,north ,8,$33.89 ,271.12
10875,2/9/2024,clothings,west,1,$160.03 ,160.03
10876,3/28/2024,clothings,south,6,$153.77 ,922.62
10877,1/20/2024,Home goods,west,3,$158.32 ,474.96
10878,2/15/2024,Home goods,north ,8,$143.62 ,1148.96
10879,5/3/2024,sports,south,2, Thirty ,
10880,2/29/2024,books,west,2,$172.30 ,344.6
10881,2/10/2024,Electronics,north ,3,$123.43 ,370.29
10882,1/30/2024,toys,east,10,$101.37 ,1013.7
10883,3/5/2024,toys,north ,1,$121.82 ,121.82
10884,4/22/2024,books,north ,5,$55.59 ,277.95
10885,1/16/2024,Home goods,east,8,$165.87 ,1326.96
10886,3/10/2024,Electronics,south,2,$73.91 ,147.82
10887,6/26/2024,clothings,north ,10,$53.00 ,530
10888,2/20/2024,sports,north ,6,$40.96 ,245.76
10889,3/26/2024,Home goods,east,10,$88.60 ,886
10890,1/30/2024,Home goods,east,5,$199.33 ,996.65
10891,1/31/2024,toys,east,8,  ,
10892,2/29/2024,sports,west,4,$119.22 ,476.88
10893,1/29/2024,sports,east,1,$64.62 ,64.62
10894,6/3/2024,sports,west,4,$169.86 ,679.44
10895,5/6/2024,Electronics,north ,3,$199.56 ,598.68
10896,1/28/2024,Home goods,west,5,$59.92 ,299.6
10897,6/9/2024,sports,north ,4,$13.74 ,54.96
10898,5/3/2024,Home goods,south,10,$192.82 ,1928.2
10899,1/10/2024,sports,west,9,$54.49 ,490.41
10900,3/12/2024,Electronics,south,,$107.33 ,
10901,1/6/2024,Electronics,west,6,$53.38 ,320.28
10902,3/26/2024,books,west,6,$146.48 ,878.88
10903,6/11/2024,Home goods,north ,1,$71.65 ,71.65
10904,3/2/2024,toys,south,9,$92.07 ,828.63
10905,5/11/2024,books,east,10,$96.64 ,966.4
10906,3/22/2024,sports,north ,7,$106.76 ,747.32
10907,3/7/2024,books,north ,7,$161.82 ,1132.74
10908,1/7/2024,books,north ,3,$37.79 ,113.37
10909,3/10/2024,clothings,west,9,$132.06 ,1188.54
10910,3/18/2024,books,south,3,$53.76 ,161.28
10911,2/2/2024,toys,east,2,$183.38 ,366.76
10912,3/8/2024,clothings,west,1,$155.71 ,155.71
10913,4/4/2024,Home goods,east,1,$148.04 ,148.04
10914,3/21/2024,Home goods,east,6,$180.15 ,1080.9
10915,6/15/2024,books,east,7, Thirty ,
10916,4/24/2024,books,north ,8,$94.59 ,756.72
10917,1/8/2024,Electronics,east,3,$125.82 ,377.46
10918,1/10/2024,sports,north ,,$82.55 ,
10919,3/27/2024,toys,north ,5,$117.10 ,585.5
10920,3/13/2024,clothings,west,7,$107.20 ,750.4
10921,4/19/2024,clothings,west,2,$96.96 ,193.92
10922,6/22/2024,Home goods,north ,8,$76.00 ,608
10923,3/16/2024,clothings,west,2,  ,
10924,6/23/2024,books,south,2,$181.94 ,363.88
10925,4/5/2024,Home goods,west,6, Thirty ,
10926,5/8/2024,sports,south,3,$64.19 ,192.57
10927,3/4/2024,Electronics,east,1,$170.58 ,170.58
10928,5/23/2024,Home goods,south,9,$116.40 ,1047.6
10929,5/23/2024,Electronics,east,10,  ,
10930,4/23/2024,books,east,1,$91.29 ,91.29
10931,2/18/2024,toys,west,7,$179.04 ,1253.28
10932,5/19/2024,Home goods,west,4,$173.33 ,693.32
10933,3/8/2024,clothings,north ,6,$111.83 ,670.98
10934,5/6/2024,clothings,south,3,$102.98 ,308.94
10935,5/27/2024,Home goods,south,2,$97.68 ,195.36
10936,2/5/2024,toys,north ,8,$45.71 ,365.68
10937,4/28/2024,sports,north ,3,$105.42 ,316.26
10938,6/30/2024,books,south,4,$16.33 ,65.32
10939,4/29/2024,sports,east,9,$97.40 ,876.6
10940,1/30/2024,sports,north ,7,$140.43 ,983.01
10941,2/20/2024,toys,east,5,$12.07 ,60.35
10942,3/14/2024,clothings,west,1,$99.70 ,99.7
10943,2/28/2024,Electronics,north ,8,$153.36 ,1226.88
10944,2/25/2024,toys,east,3,$76.38 ,229.14
10945,5/3/2024,sports,north ,4,$118.53 ,474.12
10946,4/10/2024,books,south,1,$57.99 ,57.99
10947,1/19/2024,clothings,west,1, Thirty ,
10948,6/14/2024,Electronics,west,9,  ,
10949,1/3/2024,sports,east,8,$134.16 ,1073.28
10950,5/19/2024,books,west,1,$83.89 ,83.89
10951,4/9/2024,clothings,east,10,$160.66 ,1606.6
10952,4/22/2024,books,south,6,$185.29 ,1111.74
10953,5/10/2024,Electronics,south,9,$73.07 ,657.63
10954,6/14/2024,toys,south,3,$32.30 ,96.9
10955,2/11/2024,Home goods,north ,9,$175.57 ,1580.13
10956,3/9/2024,Electronics,south,1,$26.45 ,26.45
10957,1/9/2024,Home goods,north ,3,$43.16 ,129.48
10958,4/14/2024,sports,south,8,$169.61 ,1356.88
10959,3/17/2024,Home goods,south,5,$124.35 ,621.75
10960,1/15/2024,books,east,4,$179.46 ,717.84
10961,3/7/2024,toys,east,6,$146.83 ,880.98
10962,2/26/2024,clothings,north ,5,$168.94 ,844.7
10963,5/6/2024,books,west,4,$163.51 ,654.04
10964,5/30/2024,Electronics,west,1,$115.48 ,115.48
10965,3/21/2024,toys,east,6,$197.84 ,1187.04
10966,6/30/2024,toys,west,10,$73.25 ,732.5
10967,3/20/2024,clothings,south,6,$145.48 ,872.88
10968,1/7/2024,books,west,,$61.10 ,
10969,5/6/2024,Electronics,east,3,$85.30 ,255.9
10970,6/13/2024,Electronics,north ,9,$45.78 ,412.02
10971,2/27/2024,Electronics,north ,7,$85.37 ,597.59
10972,1/26/2024,Electronics,west,6,$54.11 ,324.66
10973,4/6/2024,books,west,3, Thirty ,
10974,6/9/2024,Home goods,west,6,$147.51 ,885.06
10975,5/30/2024,books,south,3,$82.79 ,248.37
10976,1/21/2024,books,west,9,$54.51 ,490.59
10977,2/12/2024,toys,north ,9,$16.67 ,150.03
10978,3/28/2024,Home goods,west,4,$111.42 ,445.68
10979,6/25/2024,sports,west,8,$92.15 ,737.2
10980,4/11/2024,clothings,west,8,$33.00 ,264
10981,4/5/2024,clothings,west,3,$172.11 ,516.33
10982,5/11/2024,Home goods,north ,10,$41.92 ,419.2
10983,3/5/2024,clothings,north ,9,$164.03 ,1476.27
10984,1/28/2024,clothings,west,5,$33.41 ,167.05
10985,1/22/2024,clothings,east,4,$186.43 ,745.72
10986,1/5/2024,books,south,5,$35.17 ,175.85
10987,6/17/2024,sports,south,5,$108.95 ,544.75
10988,3/23/2024,Electronics,west,9,$199.38 ,1794.42
10989,3/6/2024,toys,south,9,$135.28 ,1217.52
10990,6/25/2024,Electronics,east,,  ,
10991,1/3/2024,toys,west,2,$133.47 ,266.94
10992,2/5/2024,sports,north ,6,$10.08 ,60.48
10993,1/9/2024,books,south,5,$74.20 ,371
10994,4/4/2024,clothings,west,4,$16.19 ,64.76
10995,5/28/2024,books,north ,4,$163.73 ,654.92
10996,4/14/2024,toys,south,2,$122.30 ,244.6
10997,1/1/2024,Home goods,east,2,$182.74 ,365.48
10998,1/11/2024,Home goods,west,9,$131.92 ,1187.28
10999,1/2/2024,Home goods,east,5,$190.60 ,953
11000,6/1/2024,books,north ,4,$44.45 ,177.8
11001,4/4/2024,Home goods,east,1,$193.25 ,193.25
11002,4/2/2024,books,west,10,$190.29 ,1902.9
11003,1/13/2024,clothings,west,1,$40.70 ,40.7
11004,3/15/2024,sports,west,5,$59.49 ,297.45
11005,5/28/2024,toys,north ,6,$23.42 ,140.52
11006,4/19/2024,toys,south,10,$110.46 ,1104.6
11007,4/26/2024,toys,east,1,$39.20 ,39.2
11008,3/15/2024,toys,north ,3,$83.12 ,249.36
11009,2/27/2024,sports,east,8,$163.92 ,1311.36
11010,3/16/2024,sports,north ,2,$82.68 ,165.36
11011,6/11/2024,toys,west,6,$20.89 ,125.34
11012,4/3/2024,clothings,south,5,$68.03 ,340.15
11013,4/28/2024,Home goods,east,10,$116.71 ,1167.1
11014,3/28/2024,books,east,8,$32.72 ,261.76
11015,5/25/2024,Electronics,west,5,$19.75 ,98.75
11016,5/16/2024,toys,east,10,$96.64 ,966.4
11017,1/1/2024,toys,south,10,  ,
11018,1/1/2024,toys,south,9,$137.91 ,1241.19
11019,5/24/2024,clothings,east,3,$154.74 ,464.22
11020,4/14/2024,Electronics,north ,2,$47.95 ,95.9
11021,1/12/2024,clothings,east,8,$75.25 ,602
11022,5/5/2024,Home goods,west,10,$192.51 ,1925.1
11023,2/21/2024,toys,west,4,  ,
11024,6/15/2024,books,south,8,$127.65 ,1021.2
11025,1/1/2024,Home goods,north ,5,$116.43 ,582.15
11026,3/21/2024,books,south,4,$83.11 ,332.44
11027,5/21/2024,Home goods,east,2,$196.43 ,392.86
11028,5/28/2024,toys,east,2,$159.63 ,319.26
11029,5/28/2024,Electronics,north ,9,$126.30 ,1136.7
11030,2/1/2024,toys,east,10,$106.77 ,1067.7
11031,6/26/2024,Home goods,north ,2,$27.40 ,54.8
11032,2/10/2024,Electronics,south,7,$52.27 ,365.89
11033,5/25/2024,Electronics,west,4,$171.77 ,687.08
11034,1/20/2024,Home goods,south,9,$59.09 ,531.81
11035,5/17/2024,sports,north ,9,$33.24 ,299.16
11036,2/20/2024,Electronics,east,9,$169.37 ,1524.33
11037,6/28/2024,clothings,west,3,$130.89 ,392.67
11038,6/12/2024,toys,north ,7,$19.26 ,134.82
11039,6/5/2024,Home goods,north ,2,$87.51 ,175.02
11040,4/24/2024,Electronics,north ,1,$19.77 ,19.77
11041,5/1/2024,Electronics,west,3,$43.64 ,130.92
11042,2/12/2024,Home goods,south,3, Thirty ,
11043,6/17/2024,Home goods,south,1,$64.84 ,64.84
11044,2/11/2024,clothings,south,7,$132.41 ,926.87
11045,1/18/2024,sports,north ,1,$105.41 ,105.41
11046,4/6/2024,Home goods,south,9,$193.48 ,1741.32
11047,3/29/2024,clothings,south,8,$184.42 ,1475.36
11048,3/10/2024,books,east,2,$183.09 ,366.18
11049,1/27/2024,clothings,east,7,$42.24 ,295.68
11050,4/4/2024,books,north ,3,$187.99 ,563.97
11051,3/2/2024,sports,west,1,$51.51 ,51.51
11052,1/5/2024,toys,west,7,$36.51 ,255.57
11053,4/4/2024,Home goods,west,2,$79.69 ,159.38
11054,2/26/2024,sports,east,5,$46.15 ,230.75
11055,5/6/2024,clothings,north ,2,$104.02 ,208.04
11056,6/20/2024,Electronics,west,5,$12.51 ,62.55
11057,4/29/2024,toys,north ,7,$137.03 ,959.21
11058,1/19/2024,Electronics,east,1,$176.52 ,176.52
11059,5/14/2024,books,west,4,$72.90 ,291.6
11060,3/15/2024,clothings,south,6,$123.73 ,742.38
11061,2/10/2024,Electronics,south,6,$140.96 ,845.76
11062,3/27/2024,toys,south,5,$37.64 ,188.2
11063,1/31/2024,clothings,west,4,$57.78 ,231.12
11064,5/19/2024,clothings,south,9,$158.59 ,1427.31
11065,1/23/2024,Electronics,west,,$23.11 ,
11066,4/20/2024,toys,west,9,$105.14 ,946.26
11067,3/16/2024,Home goods,north ,3,$83.46 ,250.38
11068,4/27/2024,books,west,5,$93.88 ,469.4
11069,4/10/2024,sports,south,,$121.48 ,
11070,3/21/2024,Electronics,east,10,$101.64 ,1016.4
11071,4/18/2024,books,east,9,  ,
11072,1/17/2024,Home goods,north ,4,$185.54 ,742.16
11073,3/11/2024,Home goods,north ,1,$11.76 ,11.76
11074,4/18/2024,clothings,east,1,$158.86 ,158.86
11075,6/22/2024,Home goods,east,2,$156.33 ,312.66
11076,2/10/2024,clothings,south,3,$190.04 ,570.12
11077,4/18/2024,clothings,north ,4,$174.16 ,696.64
11078,5/5/2024,clothings,south,7,$137.46 ,962.22
11079,5/14/2024,clothings,east,4,$139.92 ,559.68
11080,3/3/2024,toys,east,4,$181.42 ,725.68
11081,2/11/2024,Home goods,south,9,$47.57 ,428.13
11082,2/26/2024,books,south,1,$71.95 ,71.95
11083,5/9/2024,toys,south,4, Thirty ,
11084,2/22/2024,sports,east,2,$66.43 ,132.86
11085,4/3/2024,books,north ,8,  ,
11086,1/5/2024,Electronics,south,6,$152.14 ,912.84
11087,2/16/2024,Home goods,south,8,$21.46 ,171.68
11088,4/6/2024,sports,north ,9,$154.08 ,1386.72
11089,3/27/2024,sports,east,10,  ,
11090,2/22/2024,Home goods,west,1,$177.91 ,177.91
11091,5/18/2024,Home goods,east,9,$19.53 ,175.77
11092,6/15/2024,sports,east,7,$155.39 ,1087.73
11093,3/21/2024,sports,south,6,$115.91 ,695.46
11094,1/6/2024,toys,south,8,$110.08 ,880.64
11095,5/22/2024,clothings,north ,8,$132.32 ,1058.56
11096,2/22/2024,sports,east,4,$116.56 ,466.24
11097,6/21/2024,clothings,west,3,$22.35 ,67.05
11098,1/28/2024,Electronics,south,10, Thirty ,
11099,1/28/2024,Home goods,west,6,$101.58 ,609.48
11100,4/18/2024,books,north ,4,$140.17 ,560.68
11101,1/15/2024,Home goods,east,7,$55.03 ,385.21
11102,5/6/2024,sports,south,5,$124.94 ,624.7
11103,4/27/2024,Home goods,east,1,$106.51 ,106.51
11104,1/9/2024,toys,east,8,$48.94 ,391.52
11105,5/20/2024,books,south,2,$154.13 ,308.26
11106,1/9/2024,Electronics,north ,7,$156.49 ,1095.43
11107,1/19/2024,clothings,east,7,$111.01 ,777.07
11108,6/17/2024,sports,west,5,$176.96 ,884.8
11109,5/28/2024,clothings,south,7,$180.12 ,1260.84
11110,2/21/2024,books,west,3,$182.86 ,548.58
11111,4/15/2024,Electronics,west,6,$80.72 ,484.32
11112,2/15/2024,toys,east,8,$122.76 ,982.08
11113,3/24/2024,toys,south,10,$182.62 ,1826.2
11114,3/7/2024,Home goods,west,1,$16.13 ,16.13
11115,1/14/2024,sports,west,8,$16.37 ,130.96
11116,1/14/2024,clothings,east,6,$131.27 ,787.62
11117,4/13/2024,Home goods,east,7,$83.52 ,584.64
11118,1/26/2024,clothings,east,1,$58.88 ,58.88
11119,3/12/2024,books,north ,2,$46.91 ,93.82
11120,3/11/2024,clothings,west,3,$184.73 ,554.19
11121,5/24/2024,books,east,3,$133.73 ,401.19
11122,4/12/2024,sports,north ,4, Thirty ,
11123,1/26/2024,Home goods,west,3,$20.23 ,60.69
11124,4/11/2024,clothings,south,6,$27.52 ,165.12
11125,5/30/2024,clothings,south,10,$183.83 ,1838.3
11126,4/23/2024,clothings,east,5,$106.60 ,533
11127,1/7/2024,toys,east,2,$44.21 ,88.42
11128,2/28/2024,toys,west,10,$190.92 ,1909.2
11129,5/31/2024,sports,west,5,$125.14 ,625.7
11130,6/28/2024,clothings,south,8,$36.37 ,290.96
11131,6/12/2024,sports,north ,9,$70.60 ,635.4
11132,3/14/2024,Home goods,north ,5,$58.20 ,291
11133,1/22/2024,clothings,east,,$114.71 ,
11134,2/6/2024,toys,west,,$110.33 ,
11135,2/1/2024,books,east,,$173.99 ,
11136,4/30/2024,toys,east,8,$197.82 ,1582.56
11137,3/2/2024,Electronics,east,7,$53.27 ,372.89
11138,4/6/2024,Electronics,south,8,$20.69 ,165.52
11139,6/26/2024,books,south,,$193.24 ,
11140,6/25/2024,clothings,west,8,$36.63 ,293.04
11141,5/30/2024,sports,south,9,$175.57 ,1580.13
11142,5/26/2024,clothings,south,10,$96.67 ,966.7
11143,4/7/2024,toys,south,7,$95.52 ,668.64
11144,2/22/2024,sports,west,4,$83.83 ,335.32
11145,1/31/2024,toys,west,1,$194.52 ,194.52
11146,4/30/2024,Home goods,east,2,$132.29 ,264.58
11147,3/17/2024,sports,west,9,$111.37 ,1002.33
11148,1/8/2024,toys,east,3,$171.24 ,513.72
11149,1/11/2024,Electronics,east,9,$127.11 ,1143.99
11150,5/22/2024,books,south,3,$129.48 ,388.44
11151,2/20/2024,books,west,10,$32.93 ,329.3
11152,4/19/2024,sports,west,4,$122.82 ,491.28
11153,4/22/2024,books,north ,4,$46.61 ,186.44
11154,5/7/2024,Electronics,north ,4,$184.95 ,739.8
11155,6/9/2024,clothings,north ,7,$173.48 ,1214.36
11156,2/14/2024,Home goods,south,,$87.83 ,
11157,6/27/2024,toys,north ,2,$42.42 ,84.84
11158,1/9/2024,books,south,2,$161.49 ,322.98
11159,5/18/2024,clothings,north ,10,$12.96 ,129.6
11160,1/2/2024,toys,west,,$177.83 ,
11161,4/27/2024,sports,west,2,$193.15 ,386.3
11162,1/9/2024,sports,east,5,$85.27 ,426.35
11163,4/4/2024,books,south,4,$67.30 ,269.2
11164,6/16/2024,toys,east,4,$187.50 ,750
11165,5/4/2024,books,east,,$106.33 ,
11166,4/3/2024,clothings,north ,,$30.35 ,
11167,5/8/2024,books,north ,4,$172.16 ,688.64
11168,1/9/2024,sports,east,9,$180.36 ,1623.24
11169,4/3/2024,Home goods,west,4,$198.02 ,792.08
11170,3/19/2024,clothings,north ,6,$151.93 ,911.58
11171,4/21/2024,toys,west,6,$154.80 ,928.8
11172,3/27/2024,clothings,east,3,$121.60 ,364.8
11173,4/4/2024,sports,north ,3,$39.04 ,117.12
11174,5/20/2024,sports,north ,5,$137.05 ,685.25
11175,3/5/2024,clothings,south,4,$110.14 ,440.56
11176,6/18/2024,Home goods,north ,7,$158.48 ,1109.36
11177,3/21/2024,Electronics,west,7,$146.06 ,1022.42
11178,6/30/2024,clothings,east,3,$177.87 ,533.61
11179,5/2/2024,books,south,8,$17.37 ,138.96
11180,1/11/2024,toys,west,1,$191.40 ,191.4
11181,4/26/2024,books,west,,$123.43 ,
11182,5/6/2024,toys,south,6,$50.85 ,305.1
11183,5/15/2024,clothings,north ,10,$183.73 ,1837.3
11184,5/2/2024,Electronics,south,3,$163.48 ,490.44
11185,4/6/2024,Electronics,south,1,$178.78 ,178.78
11186,2/12/2024,Electronics,west,10,$62.89 ,628.9
11187,3/16/2024,sports,east,4,$57.96 ,231.84
11188,4/10/2024,clothings,north ,8,$17.50 ,140
11189,1/7/2024,clothings,west,8,$32.64 ,261.12
11190,1/2/2024,toys,east,5,$43.66 ,218.3
11191,5/25/2024,toys,south,3,$20.14 ,60.42
11192,4/25/2024,toys,north ,2,$176.14 ,352.28
11193,2/12/2024,sports,west,10,$76.99 ,769.9
11194,3/17/2024,sports,east,6,$126.22 ,757.32
11195,1/7/2024,toys,south,8,$138.44 ,1107.52
11196,4/14/2024,books,north ,1,$157.24 ,157.24
11197,1/17/2024,toys,east,9,$67.45 ,607.05
11198,6/20/2024,clothings,west,1,$61.45 ,61.45
11199,1/26/2024,Home goods,north ,7,$39.20 ,274.4
11200,4/13/2024,sports,west,8,$50.93 ,407.44
11201,2/27/2024,Electronics,north ,3,$185.64 ,556.92
11202,1/14/2024,books,north ,6,$197.15 ,1182.9
11203,6/17/2024,Home goods,west,3,$180.51 ,541.53
11204,5/12/2024,Electronics,south,5,$174.59 ,872.95
11205,4/19/2024,books,west,2,$113.58 ,227.16
11206,5/1/2024,books,east,5,$77.27 ,386.35
11207,2/22/2024,toys,north ,6,$85.80 ,514.8
11208,2/7/2024,toys,south,,$149.75 ,
11209,5/2/2024,Home goods,east,3,$178.94 ,536.82
11210,2/14/2024,clothings,south,3,$176.17 ,528.51
11211,3/13/2024,Home goods,east,2,$159.24 ,318.48
11212,1/31/2024,sports,east,1,$62.50 ,62.5
11213,5/1/2024,sports,west,4,$28.01 ,112.04
11214,6/7/2024,sports,south,1,$18.87 ,18.87
11215,1/4/2024,books,north ,10,$146.24 ,1462.4
11216,2/3/2024,toys,south,4,  ,
11217,5/24/2024,Electronics,east,9,$87.96 ,791.64
11218,6/30/2024,sports,west,1,$50.26 ,50.26
11219,6/11/2024,toys,east,8,$182.26 ,1458.08
11220,2/9/2024,clothings,north ,10,$12.76 ,127.6
11221,2/21/2024,clothings,west,3,$168.04 ,504.12
11222,6/15/2024,Electronics,east,4,$154.45 ,617.8
11223,1/6/2024,clothings,north ,3,$150.92 ,452.76
11224,2/24/2024,Electronics,east,8,$81.97 ,655.76
11225,5/23/2024,Home goods,west,10,$65.98 ,659.8
11226,1/1/2024,Electronics,west,2,$191.48 ,382.96
11227,3/27/2024,Home goods,south,7,$105.15 ,736.05
11228,5/18/2024,clothings,south,7,$102.00 ,714
11229,4/1/2024,books,north ,4,$33.78 ,135.12
11230,4/11/2024,Electronics,east,9,$132.85 ,1195.65
11231,4/6/2024,sports,west,10,$178.83 ,1788.3
11232,5/17/2024,Electronics,south,7,$124.97 ,874.79
11233,2/5/2024,sports,east,9,$26.29 ,236.61
11234,6/19/2024,sports,north ,1,$178.90 ,178.9
11235,5/22/2024,Electronics,north ,5,$114.63 ,573.15
11236,6/30/2024,clothings,north ,4,$95.62 ,382.48
11237,3/16/2024,clothings,east,10,$172.84 ,1728.4
11238,5/13/2024,Home goods,east,2,$29.94 ,59.88
11239,4/26/2024,Home goods,north ,2,$102.78 ,205.56
11240,4/20/2024,Home goods,east,8,$69.13 ,553.04
11241,3/27/2024,books,north ,1,$193.37 ,193.37
11242,5/18/2024,books,east,7,$135.79 ,950.53
11243,4/3/2024,clothings,west,,$135.71 ,
11244,3/26/2024,toys,west,9,$58.23 ,524.07
11245,4/4/2024,clothings,east,4,  ,
11246,5/2/2024,books,east,7,$122.57 ,857.99
11247,6/28/2024,sports,north ,3,$120.42 ,361.26
11248,1/17/2024,books,west,10,$39.05 ,390.5
11249,2/13/2024,sports,east,4,$95.80 ,383.2
11250,2/9/2024,toys,north ,2,$76.85 ,153.7
11251,4/21/2024,clothings,west,7,$105.71 ,739.97
11252,4/21/2024,books,east,2,$152.73 ,305.46
11253,5/14/2024,Electronics,west,4,$35.30 ,141.2
11254,6/29/2024,books,north ,6,$74.44 ,446.64
11255,4/21/2024,Home goods,east,2,$160.89 ,321.78
11256,1/18/2024,toys,north ,2,$103.47 ,206.94
11257,2/3/2024,Home goods,north ,7,$146.70 ,1026.9
11258,3/30/2024,books,east,,$188.90 ,
11259,2/14/2024,Electronics,north ,5,$97.76 ,488.8
11260,6/17/2024,toys,east,4,$121.47 ,485.88
11261,6/20/2024,Electronics,east,2,$114.30 ,228.6
11262,2/26/2024,books,south,6,$97.22 ,583.32
11263,1/31/2024,Electronics,south,6,$49.94 ,299.64
11264,5/12/2024,Home goods,north ,9,$28.92 ,260.28
11265,1/20/2024,Electronics,north ,10,$107.66 ,1076.6
11266,6/17/2024,sports,east,3,$77.49 ,232.47
11267,3/16/2024,Electronics,west,1,$73.51 ,73.51
11268,6/26/2024,sports,west,10,$197.00 ,1970
11269,2/6/2024,toys,south,1,$22.30 ,22.3
11270,3/8/2024,clothings,east,6,$151.14 ,906.84
11271,2/29/2024,clothings,north ,10,$126.06 ,1260.6
11272,6/2/2024,clothings,south,7,$77.57 ,542.99
11273,2/13/2024,books,west,4,$107.89 ,431.56
11274,3/10/2024,sports,south,10, Thirty ,
11275,4/20/2024,books,east,,$55.81 ,
11276,4/21/2024,Home goods,south,2,$98.53 ,197.06
11277,4/22/2024,Home goods,west,5,$16.08 ,80.4
11278,5/10/2024,books,west,9,$76.82 ,691.38
11279,6/1/2024,clothings,east,5,$87.97 ,439.85
11280,3/11/2024,Electronics,east,7,$57.99 ,405.93
11281,1/24/2024,Electronics,east,1,$141.14 ,141.14
11282,6/6/2024,Home goods,east,,$160.53 ,
11283,5/14/2024,toys,west,9,$96.92 ,872.28
11284,5/13/2024,books,east,2,$105.88 ,211.76
11285,5/10/2024,Home goods,south,10,$166.49 ,1664.9
11286,1/26/2024,books,west,3,$10.26 ,30.78
11287,1/25/2024,Electronics,north ,10,$169.88 ,1698.8
11288,2/5/2024,Electronics,west,2,$14.42 ,28.84
11289,4/12/2024,toys,north ,,$162.46 ,
11290,4/23/2024,clothings,east,2,$66.61 ,133.22
11291,3/12/2024,books,south,,$153.00 ,
11292,2/27/2024,Home goods,north ,9,$171.44 ,1542.96
11293,5/5/2024,sports,north ,7,$141.21 ,988.47
11294,5/19/2024,books,north ,10,$10.64 ,106.4
11295,3/19/2024,toys,east,1,$144.24 ,144.24
11296,3/31/2024,books,east,8,$85.71 ,685.68
11297,2/1/2024,Electronics,east,5,$70.53 ,352.65
11298,1/7/2024,Electronics,south,6,$163.89 ,983.34
11299,2/4/2024,toys,south,2,$16.63 ,33.26
11300,3/18/2024,Electronics,east,9,$199.53 ,1795.77
11301,3/5/2024,sports,east,7,$165.86 ,1161.02
11302,3/5/2024,sports,east,8,  ,
11303,3/26/2024,toys,west,10,$130.98 ,1309.8
11304,5/12/2024,clothings,south,10,$165.16 ,1651.6
11305,5/9/2024,sports,south,7,$178.28 ,1247.96
11306,4/19/2024,books,south,7,$137.09 ,959.63
11307,1/19/2024,toys,north ,6,$104.44 ,626.64
11308,3/27/2024,clothings,west,2,$23.55 ,47.1
11309,2/10/2024,clothings,east,10,$38.80 ,388
11310,4/26/2024,Home goods,west,7,$114.77 ,803.39
11311,1/19/2024,Electronics,north ,5,$87.24 ,436.2
11312,6/21/2024,Home goods,west,10,$197.07 ,1970.7
11313,3/3/2024,clothings,east,1,$40.81 ,40.81
11314,4/19/2024,books,east,1,$45.31 ,45.31
11315,1/19/2024,Electronics,east,9,$35.61 ,320.49
11316,4/5/2024,sports,north ,8,$31.70 ,253.6
11317,1/15/2024,sports,north ,8,$134.32 ,1074.56
11318,2/6/2024,sports,north ,6,$28.60 ,171.6
11319,6/5/2024,clothings,west,5,$88.97 ,444.85
11320,1/2/2024,books,east,7,$25.38 ,177.66
11321,6/10/2024,Home goods,north ,4,$106.64 ,426.56
11322,3/26/2024,Electronics,east,7,$186.98 ,1308.86
11323,4/14/2024,toys,north ,10,$39.34 ,393.4
11324,6/30/2024,books,north ,9,$54.38 ,489.42
11325,5/25/2024,Electronics,south,4,$118.24 ,472.96
11326,2/28/2024,sports,east,3,$128.26 ,384.78
11327,5/24/2024,clothings,east,9,$82.68 ,744.12
11328,3/16/2024,Home goods,east,5,$164.72 ,823.6
11329,5/14/2024,toys,north ,9,$195.20 ,1756.8
11330,3/26/2024,clothings,south,6,$143.65 ,861.9
11331,3/23/2024,toys,north ,4,$116.57 ,466.28
11332,4/13/2024,sports,west,4,$66.06 ,264.24
11333,6/19/2024,clothings,east,3,$102.63 ,307.89
11334,5/27/2024,toys,south,1,$140.49 ,140.49
11335,3/14/2024,books,north ,10,$90.61 ,906.1
11336,2/2/2024,sports,south,9,$113.87 ,1024.83
11337,1/12/2024,toys,north ,6,$183.91 ,1103.46
11338,2/26/2024,clothings,south,7,$174.83 ,1223.81
11339,6/30/2024,books,south,9,$99.27 ,893.43
11340,6/27/2024,sports,west,7,$127.18 ,890.26
11341,3/29/2024,clothings,north ,10,$184.60 ,1846
11342,2/2/2024,sports,north ,,$169.96 ,
11343,1/3/2024,clothings,east,7,$130.60 ,914.2
11344,4/9/2024,sports,east,4,$159.61 ,638.44
11345,4/8/2024,clothings,east,3,$30.16 ,90.48
11346,3/14/2024,clothings,south,6,$153.88 ,923.28
11347,6/16/2024,toys,south,10,$189.44 ,1894.4
11348,1/25/2024,clothings,north ,7,$167.62 ,1173.34
11349,6/4/2024,clothings,north ,4,$180.19 ,720.76
11350,6/26/2024,clothings,east,4,$74.43 ,297.72
11351,4/8/2024,clothings,south,2,$194.90 ,389.8
11352,3/29/2024,sports,south,4,$159.68 ,638.72
11353,2/1/2024,books,west,6,$96.11 ,576.66
11354,6/7/2024,sports,east,1,$10.21 ,10.21
11355,1/22/2024,books,south,6,$36.85 ,221.1
11356,1/2/2024,Electronics,south,8,$100.09 ,800.72
11357,3/19/2024,toys,north ,6,$135.67 ,814.02
11358,1/25/2024,sports,north ,10,$136.56 ,1365.6
11359,6/11/2024,clothings,north ,2,$195.28 ,390.56
11360,1/7/2024,sports,north ,8,$82.90 ,663.2
11361,3/21/2024,toys,north ,10,$119.65 ,1196.5
11362,4/29/2024,books,east,10,$147.36 ,1473.6
11363,4/29/2024,sports,east,,$115.60 ,
11364,4/9/2024,clothings,north ,3,$34.63 ,103.89
11365,5/7/2024,clothings,east,5,$187.36 ,936.8
11366,1/23/2024,books,east,3,$33.24 ,99.72
11367,1/1/2024,Electronics,east,4,$110.91 ,443.64
11368,3/5/2024,Electronics,north ,5,$33.68 ,168.4
11369,3/12/2024,Electronics,east,2,$92.91 ,185.82
11370,4/14/2024,Electronics,north ,6,$78.50 ,471
11371,2/21/2024,clothings,east,10,$118.37 ,1183.7
11372,1/29/2024,Electronics,east,7, Thirty ,
11373,2/27/2024,sports,south,9,$199.79 ,1798.11
11374,2/11/2024,Electronics,north ,2,$134.60 ,269.2
11375,3/5/2024,Home goods,west,2,$144.82 ,289.64
11376,2/17/2024,sports,north ,9,$150.27 ,1352.43
11377,2/28/2024,Home goods,south,,$161.44 ,
11378,1/27/2024,books,east,3,$71.63 ,214.89
11379,6/16/2024,books,east,3,$195.60 ,586.8
11380,6/26/2024,toys,south,1,$122.96 ,122.96
11381,4/6/2024,books,north ,5,$43.32 ,216.6
11382,1/19/2024,toys,west,7,$47.24 ,330.68
11383,5/18/2024,Electronics,west,8,$119.14 ,953.12
11384,1/22/2024,sports,north ,6,$147.67 ,886.02
11385,1/24/2024,Home goods,south,6,$15.13 ,90.78
11386,6/23/2024,clothings,south,4,$39.29 ,157.16
11387,2/29/2024,books,south,4,$20.02 ,80.08
11388,1/9/2024,Home goods,south,3,$43.47 ,130.41
11389,5/25/2024,Home goods,south,5,$139.41 ,697.05
11390,3/11/2024,books,south,6,$134.02 ,804.12
11391,2/6/2024,clothings,south,6,$52.29 ,313.74
11392,6/30/2024,Home goods,south,1,  ,
11393,6/6/2024,books,south,9,$139.31 ,1253.79
11394,2/21/2024,books,south,3,$140.96 ,422.88
11395,3/21/2024,toys,south,8,$73.56 ,588.48
11396,6/4/2024,toys,south,4,$69.63 ,278.52
11397,5/7/2024,toys,north ,4,$124.87 ,499.48
11398,6/22/2024,clothings,north ,5,$160.77 ,803.85
11399,4/24/2024,Electronics,east,8,$35.17 ,281.36
11400,5/29/2024,books,west,4,$114.63 ,458.52
11401,2/11/2024,sports,east,1,$182.65 ,182.65
11402,3/22/2024,books,west,4, Thirty ,
11403,3/20/2024,Home goods,east,2,$137.37 ,274.74
11404,1/25/2024,books,east,7,$128.77 ,901.39
11405,5/11/2024,books,south,9,$50.23 ,452.07
11406,3/30/2024,clothings,west,6,$181.82 ,1090.92
11407,6/5/2024,clothings,north ,10,$196.34 ,1963.4
11408,6/15/2024,sports,east,,$81.14 ,
11409,5/19/2024,books,north ,7, Thirty ,
11410,3/31/2024,sports,west,2,$156.61 ,313.22
11411,1/12/2024,sports,east,4,$75.25 ,301
11412,1/6/2024,clothings,west,3,$124.97 ,374.91
11413,4/28/2024,Home goods,west,5,$84.77 ,423.85
11414,3/26/2024,toys,north ,9,  ,
11415,2/19/2024,Electronics,north ,9,$46.42 ,417.78
11416,5/10/2024,clothings,west,6,$13.74 ,82.44
11417,4/8/2024,clothings,south,9,$174.12 ,1567.08
11418,6/27/2024,Home goods,north ,,$17.54 ,
11419,1/23/2024,clothings,west,7,$120.85 ,845.95
11420,5/29/2024,clothings,west,7,$63.13 ,441.91
11421,1/16/2024,Electronics,west,6,$22.73 ,136.38
11422,1/2/2024,clothings,south,10,$47.51 ,475.1
11423,5/2/2024,toys,north ,10,$179.63 ,1796.3
11424,6/13/2024,toys,west,7,$88.75 ,621.25
11425,3/15/2024,sports,east,5,$155.51 ,777.55
11426,6/29/2024,Electronics,south,7,$32.01 ,224.07
11427,6/1/2024,toys,south,4, Thirty ,
11428,5/8/2024,Electronics,west,6,$172.03 ,1032.18
11429,3/23/2024,clothings,west,5,$51.44 ,257.2
11430,2/17/2024,sports,east,2,$127.55 ,255.1
11431,5/25/2024,Home goods,west,10,$191.63 ,1916.3
11432,5/14/2024,Electronics,east,4,$90.83 ,363.32
11433,1/7/2024,books,east,5,  ,
11434,4/1/2024,sports,east,6,$81.72 ,490.32
11435,6/9/2024,books,west,4,$171.76 ,687.04
11436,6/11/2024,clothings,north ,5,$100.87 ,504.35
11437,3/13/2024,toys,north ,9,$148.39 ,1335.51
11438,4/7/2024,clothings,south,3,$36.07 ,108.21
11439,4/13/2024,books,south,5,$67.26 ,336.3
11440,6/15/2024,sports,east,5,$187.29 ,936.45
11441,6/25/2024,books,south,1,$15.36 ,15.36
11442,4/19/2024,toys,north ,6,$135.83 ,814.98
11443,4/14/2024,books,south,4,$27.90 ,111.6
11444,3/7/2024,clothings,west,10,$63.93 ,639.3
11445,2/6/2024,toys,east,9,$184.03 ,1656.27
11446,5/7/2024,Electronics,west,6,$22.50 ,135
11447,5/12/2024,books,east,3,$150.15 ,450.45
11448,3/16/2024,clothings,north ,9,$119.70 ,1077.3
11449,2/7/2024,books,north ,7,$69.02 ,483.14
11450,4/1/2024,Electronics,west,7,$92.85 ,649.95
11451,6/16/2024,books,north ,9,$147.59 ,1328.31
11452,5/2/2024,toys,west,10,$125.52 ,1255.2
11453,2/2/2024,clothings,north ,7,$130.17 ,911.19
11454,6/21/2024,clothings,west,8,$21.07 ,168.56
11455,1/5/2024,Home goods,south,6,$135.49 ,812.94
11456,2/13/2024,books,east,2,$53.73 ,107.46
11457,1/24/2024,books,west,,$46.22 ,
11458,6/10/2024,books,south,4,$78.18 ,312.72
11459,6/11/2024,clothings,east,9,$37.87 ,340.83
11460,5/25/2024,Electronics,south,3,$164.01 ,492.03
11461,6/14/2024,clothings,south,6,$102.58 ,615.48
11462,4/19/2024,toys,north ,5,$53.30 ,266.5
11463,1/1/2024,toys,south,6,$84.38 ,506.28
11464,1/25/2024,Home goods,west,10,$127.13 ,1271.3
11465,1/6/2024,clothings,north ,1,$130.03 ,130.03
11466,2/10/2024,sports,south,7,$77.19 ,540.33
11467,2/11/2024,sports,east,7,$38.96 ,272.72
11468,5/25/2024,toys,east,3,$165.12 ,495.36
11469,2/7/2024,toys,south,9,$113.21 ,1018.89
11470,3/20/2024,clothings,west,2,$54.85 ,109.7
11471,4/27/2024,books,south,7,$192.98 ,1350.86
11472,4/23/2024,Home goods,south,9,$155.97 ,1403.73
11473,4/14/2024,clothings,south,1,$159.16 ,159.16
11474,1/22/2024,toys,west,4,$42.43 ,169.72
11475,3/30/2024,Electronics,east,3,$188.32 ,564.96
11476,2/17/2024,books,west,,$149.78 ,
11477,2/26/2024,Home goods,east,4,$187.62 ,750.48
11478,5/3/2024,toys,south,5, Thirty ,
11479,1/14/2024,toys,north ,3,$19.21 ,57.63
11480,6/30/2024,Electronics,south,2,$175.46 ,350.92
11481,2/5/2024,sports,south,,$50.94 ,
11482,6/30/2024,sports,north ,7,$89.60 ,627.2
11483,6/20/2024,books,west,4,$128.76 ,515.04
11484,3/20/2024,Home goods,east,9,$19.51 ,175.59
11485,5/6/2024,books,south,4,$12.90 ,51.6
11486,1/15/2024,Electronics,east,2,$136.71 ,273.42
11487,2/27/2024,Electronics,west,8,$56.48 ,451.84
11488,1/1/2024,Electronics,west,8,$64.22 ,513.76
11489,4/3/2024,clothings,west,9,$40.88 ,367.92
11490,5/27/2024,books,west,4,$144.63 ,578.52
11491,2/27/2024,sports,south,8,$190.54 ,1524.32
11492,4/12/2024,sports,east,10,$74.44 ,744.4
11493,1/8/2024,Electronics,north ,6,$98.29 ,589.74
11494,5/10/2024,books,north ,5,$125.43 ,627.15
11495,5/23/2024,clothings,north ,10,$123.65 ,1236.5
11496,6/3/2024,Home goods,north ,1,$180.76 ,180.76
11497,3/14/2024,toys,south,6,$173.30 ,1039.8
11498,5/16/2024,books,north ,2,$78.59 ,157.18
11499,4/11/2024,Home goods,south,9,$195.25 ,1757.25
11500,6/16/2024,Electronics,south,10,$125.74 ,1257.4
11501,1/24/2024,books,east,3,$69.34 ,208.02
11502,1/20/2024,books,east,,$190.43 ,
11503,1/1/2024,sports,east,7,$18.13 ,126.91
11504,2/20/2024,books,north ,7,  ,
11505,4/12/2024,books,north ,5,$133.71 ,668.55
11506,4/9/2024,sports,east,10,$72.54 ,725.4
11507,6/30/2024,toys,south,4,$73.10 ,292.4
11508,6/18/2024,sports,west,7,$148.83 ,1041.81
11509,3/17/2024,Home goods,west,4,$139.88 ,559.52
11510,5/26/2024,Electronics,south,7,$106.95 ,748.65
11511,5/14/2024,Electronics,south,6,$76.87 ,461.22
11512,4/28/2024,clothings,south,9,$110.87 ,997.83
11513,5/17/2024,sports,south,1,$103.46 ,103.46
11514,1/7/2024,clothings,east,5,$182.94 ,914.7
11515,2/14/2024,sports,west,6,$30.91 ,185.46
11516,3/10/2024,Electronics,east,1,$152.47 ,152.47
11517,2/13/2024,clothings,north ,4,$30.45 ,121.8
11518,4/13/2024,Electronics,west,7,$166.05 ,1162.35
11519,4/27/2024,toys,west,1,$160.32 ,160.32
11520,2/22/2024,Electronics,south,5,$165.08 ,825.4
11521,6/23/2024,clothings,west,1,$184.88 ,184.88
11522,1/7/2024,Home goods,west,10,$49.47 ,494.7
11523,1/4/2024,Home goods,west,7,$115.80 ,810.6
11524,1/26/2024,Home goods,north ,1,$44.91 ,44.91
11525,2/26/2024,books,north ,4,$42.28 ,169.12
11526,6/26/2024,Electronics,south,2,$73.46 ,146.92
11527,3/9/2024,toys,east,7,$128.10 ,896.7
11528,2/4/2024,clothings,north ,8,  ,
11529,4/27/2024,sports,south,4,$138.62 ,554.48
11530,1/3/2024,Electronics,west,3,$62.63 ,187.89
11531,4/16/2024,sports,north ,8,$151.60 ,1212.8
11532,4/3/2024,Home goods,south,6,$70.51 ,423.06
11533,4/7/2024,Home goods,north ,9,$196.13 ,1765.17
11534,5/27/2024,Home goods,east,9,$134.22 ,1207.98
11535,6/11/2024,books,south,4,  ,
11536,1/19/2024,books,west,7,$65.42 ,457.94
11537,6/29/2024,Home goods,west,8,$153.86 ,1230.88
11538,4/7/2024,sports,north ,10,$95.08 ,950.8
11539,2/8/2024,sports,west,7,$87.60 ,613.2
11540,4/26/2024,sports,south,7,$149.72 ,1048.04
11541,3/4/2024,clothings,east,10,$189.18 ,1891.8
11542,1/18/2024,Electronics,south,5, Thirty ,
11543,2/2/2024,Electronics,east,2,$146.81 ,293.62
11544,4/25/2024,books,north ,8,$104.40 ,835.2
11545,3/18/2024,sports,west,5,$12.30 ,61.5
11546,1/31/2024,Home goods,north ,1,$102.28 ,102.28
11547,1/4/2024,sports,north ,1,$56.18 ,56.18
11548,6/29/2024,sports,north ,,$164.45 ,
11549,5/7/2024,clothings,north ,1,$44.20 ,44.2
11550,2/6/2024,sports,north ,9,$153.06 ,1377.54
11551,4/10/2024,Electronics,south,5,$33.83 ,169.15
11552,3/21/2024,Electronics,north ,9,$120.74 ,1086.66
11553,2/11/2024,books,north ,9,$89.38 ,804.42
11554,3/25/2024,toys,west,8,$184.31 ,1474.48
11555,3/6/2024,Home goods,south,7,$97.45 ,682.15
11556,4/18/2024,Electronics,south,6,$171.55 ,1029.3
11557,1/30/2024,clothings,south,6,$152.75 ,916.5
11558,1/30/2024,clothings,west,3,$92.22 ,276.66
11559,3/17/2024,books,east,3,$116.68 ,350.04
11560,2/20/2024,clothings,south,4,$87.23 ,348.92
11561,3/2/2024,Home goods,north ,2,$137.51 ,275.02
11562,1/16/2024,toys,south,8,  ,
11563,1/10/2024,toys,east,10,$191.41 ,1914.1
11564,2/7/2024,sports,east,7,$28.93 ,202.51
11565,2/20/2024,clothings,north ,3,$168.36 ,505.08
11566,5/1/2024,toys,south,6,$181.06 ,1086.36
11567,1/6/2024,Home goods,north ,6,$74.46 ,446.76
11568,6/16/2024,sports,west,2,$165.03 ,330.06
11569,6/12/2024,Home goods,south,9,$170.72 ,1536.48
11570,4/30/2024,Electronics,west,10,$145.51 ,1455.1
11571,1/17/2024,Electronics,west,4,$168.40 ,673.6
11572,2/25/2024,toys,east,8,$98.37 ,786.96
11573,5/29/2024,sports,north ,8,$98.79 ,790.32
11574,2/1/2024,sports,north ,4, Thirty ,
11575,3/5/2024,Home goods,west,10,$190.26 ,1902.6
11576,2/7/2024,sports,east,8, Thirty ,
11577,1/2/2024,books,south,3,$34.86 ,104.58
11578,1/3/2024,Home goods,south,,$135.04 ,
11579,3/27/2024,books,east,4,$141.12 ,564.48
11580,1/18/2024,Home goods,north ,3,$199.02 ,597.06
11581,2/19/2024,books,west,9,$136.57 ,1229.13
11582,4/30/2024,Home goods,west,2,$96.46 ,192.92
11583,3/10/2024,toys,east,9,$106.50 ,958.5
11584,4/7/2024,sports,south,3,$136.41 ,409.23
11585,1/22/2024,Electronics,south,7,$188.28 ,1317.96
11586,6/20/2024,Electronics,west,4,$63.60 ,254.4
11587,2/15/2024,toys,west,4,$156.78 ,627.12
11588,3/6/2024,Home goods,east,3,$165.86 ,497.58
11589,2/23/2024,Electronics,west,4,$98.65 ,394.6
11590,1/23/2024,Home goods,north ,1,$145.05 ,145.05
11591,2/18/2024,clothings,east,6,  ,
11592,6/18/2024,sports,south,8,$169.20 ,1353.6
11593,4/10/2024,sports,east,8,$157.51 ,1260.08
11594,4/15/2024,clothings,north ,2,$48.86 ,97.72
11595,1/5/2024,Home goods,north ,10,$88.51 ,885.1
11596,4/15/2024,clothings,west,1,$30.16 ,30.16
11597,6/6/2024,toys,west,6,$107.03 ,642.18
11598,2/8/2024,Home goods,west,10,$65.59 ,655.9
11599,6/21/2024,books,west,2,$43.76 ,87.52
11600,2/5/2024,clothings,south,1,$169.19 ,169.19
11601,4/20/2024,clothings,north ,1,$52.30 ,52.3
11602,2/24/2024,sports,east,8,$11.05 ,88.4
11603,3/16/2024,books,south,2,$196.72 ,393.44
11604,2/20/2024,toys,east,8,$141.20 ,1129.6
11605,4/7/2024,books,west,2,$64.66 ,129.32
11606,6/10/2024,Electronics,west,7,$132.68 ,928.76
11607,5/10/2024,books,east,8,$16.32 ,130.56
11608,6/22/2024,Electronics,north ,6,$168.31 ,1009.86
11609,3/19/2024,Electronics,north ,8,$86.69 ,693.52
11610,2/12/2024,clothings,south,7,$75.42 ,527.94
11611,5/5/2024,Electronics,west,2,$118.54 ,237.08
11612,1/13/2024,clothings,north ,5,$151.09 ,755.45
11613,2/29/2024,books,west,4,$140.23 ,560.92
11614,4/19/2024,clothings,south,2,$167.73 ,335.46
11615,3/23/2024,Electronics,south,9,$45.32 ,407.88
11616,6/17/2024,Home goods,north ,9,$139.64 ,1256.76
11617,3/22/2024,Electronics,east,4,$115.93 ,463.72
11618,6/2/2024,clothings,west,7,  ,
11619,6/6/2024,clothings,north ,1,$193.17 ,193.17
11620,3/19/2024,Home goods,east,9,$176.24 ,1586.16
11621,6/23/2024,clothings,east,6,$164.89 ,989.34
11622,5/24/2024,Electronics,north ,6,$159.17 ,955.02
11623,5/5/2024,sports,east,3,$156.66 ,469.98
11624,1/20/2024,toys,west,8,$82.82 ,662.56
11625,1/23/2024,sports,north ,8,$142.11 ,1136.88
11626,5/5/2024,books,north ,9,$190.98 ,1718.82
11627,5/1/2024,toys,west,6,$83.83 ,502.98
11628,1/23/2024,Electronics,north ,2,$147.07 ,294.14
11629,1/5/2024,books,south,2,$111.34 ,222.68
11630,5/29/2024,Home goods,north ,1,$85.19 ,85.19
11631,5/31/2024,toys,east,1,$97.98 ,97.98
11632,4/2/2024,toys,east,6,$107.47 ,644.82
11633,5/1/2024,books,east,7,$110.56 ,773.92
11634,5/18/2024,sports,east,8,$134.75 ,1078
11635,4/1/2024,Home goods,south,6, Thirty ,
11636,3/25/2024,toys,west,10,$144.08 ,1440.8
11637,3/19/2024,Home goods,north ,9,$57.29 ,515.61
11638,3/31/2024,clothings,south,6, Thirty ,
11639,1/18/2024,toys,south,5,$163.72 ,818.6
11640,6/9/2024,Electronics,west,8,$93.52 ,748.16
11641,3/24/2024,toys,east,10,$181.61 ,1816.1
11642,3/11/2024,toys,east,,$63.41 ,
11643,2/14/2024,sports,west,6,$190.34 ,1142.04
11644,4/22/2024,sports,north ,10,  ,
11645,6/27/2024,Home goods,west,4,$79.14 ,316.56
11646,5/17/2024,clothings,west,9,$171.33 ,1541.97
11647,3/31/2024,sports,north ,3,$33.32 ,99.96
11648,3/17/2024,Electronics,north ,4, Thirty ,
11649,4/12/2024,toys,west,3,  ,
11650,5/10/2024,books,east,8,$169.28 ,1354.24
11651,1/31/2024,Home goods,east,4,$131.21 ,524.84
11652,5/26/2024,books,west,4,$172.18 ,688.72
11653,5/16/2024,toys,north ,8,$141.35 ,1130.8
11654,2/23/2024,toys,east,,$36.43 ,
11655,5/4/2024,books,north ,1,$96.02 ,96.02
11656,6/20/2024,Electronics,west,10,$122.20 ,1222
11657,3/18/2024,Electronics,north ,,$58.35 ,
11658,3/22/2024,books,south,3,  ,
11659,2/23/2024,sports,north ,1,$155.03 ,155.03
11660,6/13/2024,sports,east,7,$171.68 ,1201.76
11661,1/4/2024,Electronics,east,8,$177.61 ,1420.88
11662,5/5/2024,books,west,5,$75.91 ,379.55
11663,1/31/2024,clothings,north ,6,$155.96 ,935.76
11664,3/3/2024,clothings,east,4,$149.89 ,599.56
11665,2/17/2024,clothings,west,1,$184.46 ,184.46
11666,1/17/2024,books,east,5,$19.09 ,95.45
11667,6/13/2024,Home goods,west,5,$151.25 ,756.25
11668,5/21/2024,toys,west,9,$182.08 ,1638.72
11669,3/23/2024,clothings,east,10,$85.97 ,859.7
11670,2/9/2024,clothings,south,9,$147.58 ,1328.22
11671,4/5/2024,toys,east,7,$128.55 ,899.85
11672,3/2/2024,sports,south,6,$61.80 ,370.8
11673,3/3/2024,books,west,,$146.66 ,
11674,4/14/2024,Electronics,west,1,$57.36 ,57.36
11675,3/21/2024,Home goods,south,8,$35.84 ,286.72
11676,1/29/2024,toys,east,1,$51.61 ,51.61
11677,5/31/2024,clothings,north ,10,$40.80 ,408
11678,5/31/2024,clothings,north ,,$167.84 ,
11679,4/25/2024,sports,west,4,$20.48 ,81.92
11680,1/11/2024,clothings,east,7,$140.95 ,986.65
11681,5/15/2024,sports,east,7,$122.61 ,858.27
11682,2/13/2024,books,south,3,$141.95 ,425.85
11683,5/24/2024,books,east,1,$176.67 ,176.67
11684,1/28/2024,sports,north ,6,$107.49 ,644.94
11685,6/25/2024,toys,north ,8,$26.42 ,211.36
11686,1/22/2024,books,east,10,$133.68 ,1336.8
11687,1/14/2024,Home goods,east,7,$66.86 ,468.02
11688,6/22/2024,books,south,5,$132.64 ,663.2
11689,2/20/2024,sports,east,8,$19.76 ,158.08
11690,3/4/2024,sports,west,6,$197.88 ,1187.28
11691,4/9/2024,clothings,south,3,$86.42 ,259.26
11692,6/19/2024,toys,east,5,  ,
11693,3/18/2024,toys,west,2,$105.09 ,210.18
11694,3/7/2024,toys,west,10,$88.34 ,883.4
11695,5/5/2024,books,west,10,$102.64 ,1026.4
11696,5/14/2024,sports,north ,4,$23.78 ,95.12
11697,6/22/2024,sports,west,3,$179.68 ,539.04
11698,4/14/2024,Home goods,north ,4,$117.43 ,469.72
11699,3/27/2024,books,west,,$156.01 ,
11700,3/7/2024,clothings,south,,$23.02 ,
11701,4/3/2024,books,north ,9,$124.25 ,1118.25
11702,6/6/2024,sports,south,8,$124.05 ,992.4
11703,5/5/2024,sports,east,2,$81.92 ,163.84
11704,3/29/2024,Electronics,north ,1,$114.69 ,114.69
11705,6/17/2024,Home goods,east,9,$110.14 ,991.26
11706,1/6/2024,sports,east,1,$100.60 ,100.6
11707,2/7/2024,Home goods,north ,6,$138.42 ,830.52
11708,4/18/2024,clothings,east,2,$178.38 ,356.76
11709,4/5/2024,Home goods,north ,9,$155.70 ,1401.3
11710,6/16/2024,sports,east,4,$158.23 ,632.92
11711,5/16/2024,toys,east,10,$71.39 ,713.9
11712,5/2/2024,sports,east,8,$131.47 ,1051.76
11713,1/21/2024,books,east,2,$43.66 ,87.32
11714,1/1/2024,books,west,,$16.29 ,
11715,2/5/2024,toys,east,8,$99.36 ,794.88
11716,2/20/2024,Home goods,north ,3,$150.28 ,450.84
11717,5/28/2024,clothings,north ,8,$25.22 ,201.76
11718,6/2/2024,toys,east,9,$114.18 ,1027.62
11719,1/14/2024,toys,east,2,$137.08 ,274.16
11720,3/26/2024,clothings,west,9,$187.21 ,1684.89
11721,2/12/2024,sports,east,8,$147.42 ,1179.36
11722,2/23/2024,clothings,south,9,$190.50 ,1714.5
11723,4/19/2024,toys,west,10,$179.43 ,1794.3
11724,4/22/2024,clothings,south,6,$58.63 ,351.78
11725,5/12/2024,toys,north ,,$157.67 ,
11726,6/1/2024,Electronics,south,6,$148.98 ,893.88
11727,4/20/2024,toys,south,10,$166.39 ,1663.9
11728,5/19/2024,sports,east,8,$80.63 ,645.04
11729,3/8/2024,clothings,west,2,$92.93 ,185.86
11730,5/8/2024,books,north ,5,$24.18 ,120.9
11731,3/28/2024,sports,east,10,$46.48 ,464.8
11732,4/28/2024,toys,east,2,$71.64 ,143.28
11733,5/13/2024,toys,north ,3,$185.13 ,555.39
11734,5/24/2024,sports,west,7,$120.22 ,841.54
11735,4/24/2024,toys,north ,4,$172.28 ,689.12
11736,5/12/2024,books,north ,2,$190.23 ,380.46
11737,1/14/2024,Electronics,west,5,$34.25 ,171.25
11738,1/1/2024,toys,north ,2,$116.13 ,232.26
11739,6/16/2024,sports,west,7,$160.68 ,1124.76
11740,2/8/2024,clothings,west,2,$135.42 ,270.84
11741,1/27/2024,toys,north ,10,$95.82 ,958.2
11742,2/24/2024,Home goods,east,3,$130.07 ,390.21
11743,6/14/2024,Electronics,north ,5,$171.85 ,859.25
11744,5/26/2024,books,south,10,$148.30 ,1483
11745,1/12/2024,sports,east,2,$73.95 ,147.9
11746,4/2/2024,toys,east,6,$183.87 ,1103.22
11747,5/23/2024,books,south,5,$113.88 ,569.4
11748,6/11/2024,Electronics,west,1,$160.38 ,160.38
11749,3/17/2024,Home goods,west,9,$68.10 ,612.9
11750,3/7/2024,clothings,south,4,$191.21 ,764.84
11751,4/21/2024,books,north ,1,$154.70 ,154.7
11752,4/30/2024,Electronics,north ,6,$94.73 ,568.38
11753,4/6/2024,Electronics,north ,1,$162.73 ,162.73
11754,4/12/2024,Electronics,west,6,$168.51 ,1011.06
11755,2/10/2024,books,south,10,$52.51 ,525.1
11756,5/7/2024,toys,south,,$10.73 ,
11757,6/2/2024,toys,south,2,$34.60 ,69.2
11758,5/8/2024,Home goods,west,8,$36.21 ,289.68
11759,4/28/2024,books,west,6, Thirty ,
11760,4/15/2024,toys,south,2,$176.85 ,353.7
11761,5/15/2024,toys,north ,9,$100.22 ,901.98
11762,5/13/2024,sports,south,9,$45.95 ,413.55
11763,3/12/2024,toys,east,8,$195.42 ,1563.36
11764,4/22/2024,Home goods,east,7,$142.45 ,997.15
11765,5/18/2024,Home goods,north ,9,$151.15 ,1360.35
11766,2/21/2024,Home goods,south,8,$111.24 ,889.92
11767,2/24/2024,clothings,west,7,$43.28 ,302.96
11768,2/14/2024,clothings,north ,5, Thirty ,
11769,4/18/2024,Home goods,south,1,$59.66 ,59.66
11770,2/3/2024,books,east,7,$173.53 ,1214.71
11771,3/9/2024,sports,west,1,$167.18 ,167.18
11772,6/23/2024,books,west,9,$102.51 ,922.59
11773,3/7/2024,sports,west,1,$17.98 ,17.98
11774,2/16/2024,Electronics,south,3,$16.99 ,50.97
11775,3/30/2024,toys,south,3,$188.05 ,564.15
11776,2/15/2024,clothings,east,6,$26.62 ,159.72
11777,1/8/2024,clothings,east,2,$189.03 ,378.06
11778,6/26/2024,Electronics,east,3,$37.40 ,112.2
11779,1/11/2024,Home goods,east,3,  ,
11780,1/6/2024,Home goods,east,2,$12.16 ,24.32
11781,3/25/2024,toys,south,6,$165.73 ,994.38
11782,2/5/2024,Electronics,east,3, Thirty ,
11783,1/1/2024,Electronics,west,4,$82.71 ,330.84
11784,3/20/2024,Home goods,east,10,$123.25 ,1232.5
11785,5/11/2024,Home goods,south,10,$14.63 ,146.3
11786,4/14/2024,clothings,north ,5,$165.10 ,825.5
11787,5/6/2024,Home goods,north ,1,$119.27 ,119.27
11788,5/6/2024,Electronics,south,6,$79.82 ,478.92
11789,4/1/2024,toys,south,1,$21.34 ,21.34
11790,5/29/2024,books,east,3,$118.73 ,356.19
11791,4/2/2024,Electronics,east,,$13.52 ,
11792,2/17/2024,sports,north ,2,$34.66 ,69.32
11793,3/29/2024,Home goods,south,9,$108.83 ,979.47
11794,6/11/2024,toys,west,6,$127.47 ,764.82
11795,4/16/2024,books,east,5,$113.99 ,569.95
11796,6/14/2024,Electronics,west,5,$120.27 ,601.35
11797,6/29/2024,Electronics,north ,4,$87.78 ,351.12
11798,4/16/2024,toys,west,8,$142.15 ,1137.2
11799,1/21/2024,clothings,west,2,$88.52 ,177.04
11800,6/13/2024,sports,north ,10,$107.52 ,1075.2
11801,5/23/2024,Electronics,north ,1,$154.18 ,154.18
11802,3/13/2024,Electronics,west,8,$179.72 ,1437.76
11803,1/22/2024,clothings,north ,1,$28.76 ,28.76
11804,3/16/2024,Home goods,north ,8,$39.28 ,314.24
11805,5/30/2024,Electronics,west,5,$28.26 ,141.3
11806,1/24/2024,toys,west,6,$94.99 ,569.94
11807,6/21/2024,clothings,south,1,$161.74 ,161.74
11808,6/17/2024,toys,south,1,$88.52 ,88.52
11809,1/7/2024,sports,east,9,$50.37 ,453.33
11810,2/28/2024,Electronics,south,6,$64.54 ,387.24
11811,3/24/2024,books,south,2,  ,
11812,2/5/2024,books,west,9,$90.79 ,817.11
11813,6/25/2024,books,north ,2,$161.52 ,323.04
11814,1/18/2024,sports,west,4,$144.61 ,578.44
11815,3/13/2024,clothings,east,10,$123.01 ,1230.1
11816,1/19/2024,books,west,5,$30.39 ,151.95
11817,3/31/2024,toys,west,1,$163.09 ,163.09
11818,1/22/2024,sports,west,,$38.03 ,
11819,3/13/2024,clothings,north ,5,$162.34 ,811.7
11820,3/19/2024,clothings,south,2,$80.09 ,160.18
11821,2/22/2024,toys,north ,2,$189.67 ,379.34
11822,3/20/2024,toys,east,2,$96.90 ,193.8
11823,6/7/2024,toys,east,3,$68.00 ,204
11824,2/21/2024,books,south,,$66.36 ,
11825,6/7/2024,sports,south,6,$166.90 ,1001.4
11826,3/19/2024,clothings,south,4,$153.95 ,615.8
11827,6/30/2024,toys,east,5,$128.18 ,640.9
11828,5/29/2024,Electronics,south,3,$141.87 ,425.61
11829,6/29/2024,toys,north ,4,$95.60 ,382.4
11830,2/3/2024,Electronics,north ,4,$25.73 ,102.92
11831,5/29/2024,clothings,east,3,$179.15 ,537.45
11832,3/14/2024,Electronics,south,,$147.48 ,
11833,3/6/2024,clothings,north ,2,$41.10 ,82.2
11834,6/14/2024,clothings,east,6,$31.92 ,191.52
11835,5/16/2024,toys,south,2,$53.11 ,106.22
11836,5/15/2024,Electronics,south,2,$195.43 ,390.86
11837,6/29/2024,books,east,8,$27.19 ,217.52
11838,1/14/2024,toys,north ,3,$152.63 ,457.89
11839,3/31/2024,Home goods,west,3,$132.79 ,398.37
11840,1/19/2024,Electronics,west,8,$70.68 ,565.44
11841,3/19/2024,books,east,4,$39.08 ,156.32
11842,4/4/2024,toys,east,8,$75.71 ,605.68
11843,1/10/2024,sports,west,9,$18.04 ,162.36
11844,3/31/2024,Electronics,south,7,  ,
11845,6/10/2024,Home goods,south,1,$108.73 ,108.73
11846,1/26/2024,toys,east,6,$53.50 ,321
11847,5/2/2024,books,south,8,$122.62 ,980.96
11848,3/15/2024,clothings,west,6,$53.95 ,323.7
11849,5/27/2024,toys,north ,2,$41.33 ,82.66
11850,1/22/2024,toys,west,7,$95.60 ,669.2
11851,2/27/2024,Electronics,west,9,$125.29 ,1127.61
11852,4/4/2024,sports,east,1,$139.27 ,139.27
11853,6/3/2024,toys,east,7,$69.49 ,486.43
11854,1/14/2024,Electronics,east,5,$20.55 ,102.75
11855,6/9/2024,clothings,north ,5,  ,
11856,2/19/2024,books,east,8,$37.37 ,298.96
11857,5/22/2024,clothings,south,9,$163.12 ,1468.08
11858,4/24/2024,sports,west,6,$150.95 ,905.7
11859,3/29/2024,clothings,west,8,  ,
11860,4/30/2024,toys,north ,9,$34.53 ,310.77
11861,2/3/2024,Home goods,south,7,$27.46 ,192.22
11862,3/3/2024,clothings,south,9,$168.88 ,1519.92
11863,5/31/2024,books,east,7,$180.47 ,1263.29
11864,3/4/2024,clothings,west,8,$71.79 ,574.32
11865,1/30/2024,sports,north ,8,$147.63 ,1181.04
11866,6/3/2024,sports,north ,10,$27.09 ,270.9
11867,6/27/2024,books,south,6,$129.29 ,775.74
11868,5/28/2024,sports,south,5,$140.48 ,702.4
11869,3/17/2024,Home goods,east,10,$164.67 ,1646.7
11870,5/2/2024,books,north ,5,$123.81 ,619.05
11871,4/6/2024,toys,east,6,$153.50 ,921
11872,1/28/2024,clothings,east,1,$51.87 ,51.87
11873,6/25/2024,sports,south,2,  ,
11874,3/13/2024,books,north ,2,$43.97 ,87.94
11875,6/20/2024,toys,south,5,$141.81 ,709.05
11876,2/17/2024,books,north ,8,$10.23 ,81.84
11877,1/19/2024,Electronics,north ,3,$122.55 ,367.65
11878,2/2/2024,clothings,south,7,$68.75 ,481.25
11879,3/31/2024,toys,south,2,$32.56 ,65.12
11880,5/3/2024,Home goods,north ,7,$150.97 ,1056.79
11881,6/12/2024,toys,west,10,$27.83 ,278.3
11882,3/21/2024,books,east,7,$197.33 ,1381.31
11883,4/28/2024,Electronics,east,1,$114.30 ,114.3
11884,3/28/2024,Home goods,west,9,$160.21 ,1441.89
11885,2/4/2024,clothings,south,6,$139.28 ,835.68
11886,4/11/2024,books,east,4,$85.35 ,341.4
11887,2/28/2024,books,west,8,$100.33 ,802.64
11888,4/15/2024,books,east,8,$178.17 ,1425.36
11889,6/7/2024,books,north ,3,$38.40 ,115.2
11890,3/16/2024,books,south,6,$191.30 ,1147.8
11891,5/9/2024,sports,west,,$59.86 ,
11892,1/4/2024,books,south,4,$35.16 ,140.64
11893,4/1/2024,sports,west,4,$68.73 ,274.92
11894,1/20/2024,Electronics,west,10,$112.40 ,1124
11895,3/20/2024,toys,east,1,$122.97 ,122.97
11896,3/3/2024,clothings,east,10,$48.47 ,484.7
11897,6/20/2024,toys,north ,2,$72.91 ,145.82
11898,6/29/2024,Home goods,east,10,$107.59 ,1075.9
11899,1/3/2024,books,east,3,$22.92 ,68.76
11900,2/23/2024,clothings,north ,7,$92.37 ,646.59
11901,6/19/2024,toys,north ,2,$59.21 ,118.42
11902,2/9/2024,toys,north ,1,$170.85 ,170.85
11903,1/28/2024,Home goods,south,6,$151.40 ,908.4
11904,2/20/2024,toys,west,3,$43.80 ,131.4
11905,6/12/2024,Home goods,west,3,$152.37 ,457.11
11906,4/20/2024,toys,south,5,$60.69 ,303.45
11907,4/10/2024,Electronics,south,9,$155.52 ,1399.68
11908,3/21/2024,Home goods,east,6,$189.22 ,1135.32
11909,6/8/2024,Electronics,west,4,$156.38 ,625.52
11910,4/16/2024,books,south,7,$80.11 ,560.77
11911,3/26/2024,Electronics,west,7,$107.16 ,750.12
11912,3/10/2024,books,west,3,$33.51 ,100.53
11913,4/18/2024,books,south,9,$121.72 ,1095.48
11914,4/27/2024,Home goods,south,,$96.12 ,
11915,3/20/2024,toys,north ,10,$108.81 ,1088.1
11916,6/18/2024,toys,east,1,$131.56 ,131.56
11917,3/13/2024,clothings,west,1,$67.96 ,67.96
11918,5/6/2024,Electronics,south,5,$168.86 ,844.3
11919,6/2/2024,clothings,east,2,$155.89 ,311.78
11920,6/25/2024,Home goods,east,4,$179.72 ,718.88
11921,3/10/2024,toys,east,8,$110.23 ,881.84
11922,4/25/2024,Home goods,east,7,$41.28 ,288.96
11923,4/11/2024,Home goods,east,8, Thirty ,
11924,5/26/2024,sports,south,8,$28.17 ,225.36
11925,4/11/2024,toys,east,8,$157.20 ,1257.6
11926,2/8/2024,Home goods,east,9,$99.26 ,893.34
11927,6/13/2024,sports,east,5,$142.01 ,710.05
11928,6/11/2024,sports,west,9,$196.83 ,1771.47
11929,3/19/2024,toys,east,9,$50.33 ,452.97
11930,4/25/2024,Electronics,north ,10,$81.89 ,818.9
11931,1/21/2024,sports,north ,9,$145.52 ,1309.68
11932,3/13/2024,books,west,10,$192.36 ,1923.6
11933,3/12/2024,clothings,north ,,$166.74 ,
11934,4/18/2024,Electronics,west,1,$46.02 ,46.02
11935,4/30/2024,clothings,east,7,$137.93 ,965.51
11936,2/28/2024,Electronics,south,5,$115.19 ,575.95
11937,2/17/2024,clothings,south,5,$22.16 ,110.8
11938,1/24/2024,Electronics,north ,7,$17.39 ,121.73
11939,3/11/2024,toys,east,6,$197.77 ,1186.62
11940,6/26/2024,sports,south,10,$127.88 ,1278.8
11941,6/18/2024,toys,west,1,$103.92 ,103.92
11942,2/15/2024,toys,north ,6,$55.02 ,330.12
11943,3/5/2024,Home goods,west,1,$33.82 ,33.82
11944,6/16/2024,toys,south,4,$139.14 ,556.56
11945,5/12/2024,books,west,7,$178.19 ,1247.33
11946,6/22/2024,toys,north ,1,$81.25 ,81.25
11947,2/1/2024,Electronics,north ,2,$96.95 ,193.9
11948,4/25/2024,Electronics,east,7,$197.04 ,1379.28
11949,3/4/2024,Electronics,west,3,$126.99 ,380.97
11950,1/9/2024,sports,west,2,$21.58 ,43.16
11951,3/5/2024,toys,south,10,$97.01 ,970.1
11952,1/9/2024,books,east,3,$151.95 ,455.85
11953,6/2/2024,sports,south,6,$179.09 ,1074.54
11954,2/25/2024,toys,south,6,$143.79 ,862.74
11955,5/14/2024,toys,north ,10,$18.14 ,181.4
11956,1/8/2024,toys,north ,2,$128.95 ,257.9
11957,2/6/2024,sports,east,1,$183.30 ,183.3
11958,1/19/2024,Electronics,west,6,$27.60 ,165.6
11959,2/22/2024,toys,south,2,$89.69 ,179.38
11960,3/20/2024,clothings,east,1,$94.71 ,94.71
11961,1/31/2024,sports,south,1,$38.06 ,38.06
11962,6/6/2024,Home goods,north ,5,$27.68 ,138.4
11963,2/10/2024,sports,south,7,$183.67 ,1285.69
11964,5/12/2024,Home goods,north ,6,$180.60 ,1083.6
11965,6/19/2024,clothings,east,2,$184.80 ,369.6
11966,4/15/2024,Home goods,east,4,$155.38 ,621.52
11967,4/4/2024,Home goods,west,2,$82.85 ,165.7
11968,6/16/2024,Electronics,north ,6,$173.03 ,1038.18
11969,5/9/2024,books,west,9,$30.38 ,273.42
11970,5/23/2024,toys,south,6,$101.46 ,608.76
11971,2/2/2024,books,west,2,  ,
11972,4/23/2024,Home goods,south,5,$80.87 ,404.35
11973,3/13/2024,books,west,10,  ,
11974,1/24/2024,sports,south,6,$54.48 ,326.88
11975,5/9/2024,toys,north ,6,$152.42 ,914.52
11976,2/10/2024,Home goods,east,3,$43.02 ,129.06
11977,1/12/2024,Electronics,east,9,$104.66 ,941.94
11978,6/30/2024,books,north ,8,$106.36 ,850.88
11979,3/18/2024,sports,west,9,$69.23 ,623.07
11980,6/26/2024,books,south,7,$98.51 ,689.57
11981,1/26/2024,clothings,south,7,$17.50 ,122.5
11982,6/13/2024,Electronics,north ,9,$160.55 ,1444.95
11983,4/29/2024,clothings,south,7,$38.90 ,272.3
11984,2/27/2024,Home goods,south,1,$53.30 ,53.3
11985,1/17/2024,sports,west,9,$55.62 ,500.58
11986,5/30/2024,toys,east,6,$12.74 ,76.44
11987,1/16/2024,Home goods,west,,$87.77 ,
11988,1/5/2024,toys,east,9,$38.34 ,345.06
11989,5/3/2024,toys,south,10,$49.85 ,498.5
11990,5/19/2024,clothings,north ,4,$14.61 ,58.44
11991,1/23/2024,Home goods,south,3,$86.16 ,258.48
11992,6/17/2024,clothings,east,10,$70.48 ,704.8
11993,6/10/2024,books,west,10,$107.94 ,1079.4
11994,3/15/2024,sports,north ,10,$52.37 ,523.7
11995,3/16/2024,books,east,1,$140.90 ,140.9
11996,1/30/2024,sports,west,2,$102.72 ,205.44
11997,3/2/2024,books,south,10,$102.14 ,1021.4
11998,3/29/2024,toys,south,8,$35.80 ,286.4
11999,2/9/2024,Electronics,north ,2,$129.90 ,259.8
12000,1/8/2024,clothings,south,9,$51.60 ,464.4
12001,3/13/2024,clothings,east,,  ,
12002,1/6/2024,books,south,7,$166.57 ,1165.99
12003,3/27/2024,Electronics,south,6,$13.04 ,78.24
12004,4/20/2024,Home goods,east,,$144.66 ,
12005,1/9/2024,toys,east,9,$177.47 ,1597.23
12006,4/16/2024,sports,east,2,$106.93 ,213.86
12007,3/3/2024,Home goods,north ,2,$124.79 ,249.58
12008,6/1/2024,clothings,west,2,$161.80 ,323.6
12009,5/26/2024,clothings,west,,$34.36 ,
12010,3/20/2024,toys,north ,10, Thirty ,
12011,3/15/2024,sports,east,8,$46.03 ,368.24
12012,4/9/2024,toys,east,10,$147.85 ,1478.5
12013,1/2/2024,clothings,south,,$180.15 ,
12014,3/31/2024,sports,east,8,$34.31 ,274.48
12015,3/6/2024,books,south,8,$38.82 ,310.56
12016,5/3/2024,toys,north ,10,$25.70 ,257
12017,1/4/2024,books,south,10,$60.22 ,602.2
12018,5/14/2024,clothings,west,3,$71.68 ,215.04
12019,2/10/2024,sports,west,6,$148.62 ,891.72
12020,5/5/2024,toys,west,3,$171.85 ,515.55
12021,4/13/2024,toys,south,7,$111.44 ,780.08
12022,6/25/2024,Electronics,south,5,$167.26 ,836.3
12023,6/15/2024,toys,north ,6,$113.25 ,679.5
12024,6/11/2024,toys,west,10,$53.16 ,531.6
12025,3/22/2024,toys,west,1,$63.55 ,63.55
12026,3/8/2024,clothings,east,9,$15.94 ,143.46
12027,3/6/2024,clothings,north ,4,$189.29 ,757.16
12028,6/7/2024,books,west,9,$163.27 ,1469.43
12029,6/25/2024,Electronics,south,,$94.79 ,
12030,3/11/2024,books,east,9,$103.13 ,928.17
12031,3/1/2024,sports,east,2,$128.61 ,257.22
12032,3/27/2024,sports,north ,5,$85.96 ,429.8
12033,4/6/2024,Electronics,north ,6,$193.99 ,1163.94
12034,1/26/2024,toys,north ,9,$92.29 ,830.61
12035,6/16/2024,sports,west,6,$189.47 ,1136.82
12036,4/27/2024,books,north ,5,$166.75 ,833.75
12037,5/5/2024,sports,south,4,$180.15 ,720.6
12038,4/25/2024,Electronics,west,10,$60.68 ,606.8
12039,1/21/2024,books,east,,$139.44 ,
12040,5/30/2024,books,east,8,$100.01 ,800.08
12041,6/13/2024,sports,west,1,$132.70 ,132.7
12042,3/23/2024,toys,south,,$45.84 ,
12043,5/20/2024,toys,north ,2,$98.30 ,196.6
12044,5/8/2024,clothings,north ,8,$185.05 ,1480.4
12045,5/5/2024,Electronics,south,2,$21.45 ,42.9
12046,2/8/2024,sports,west,2,$167.71 ,335.42
12047,3/29/2024,sports,south,7,$40.98 ,286.86
12048,4/3/2024,Home goods,north ,8,  ,
12049,6/14/2024,Electronics,west,1,$25.23 ,25.23
12050,5/25/2024,sports,south,9,$14.30 ,128.7
12051,2/10/2024,Electronics,south,6,$106.45 ,638.7
12052,1/19/2024,toys,west,4,$139.06 ,556.24
12053,3/25/2024,toys,south,,$183.74 ,
12054,3/15/2024,toys,east,4,$80.37 ,321.48
12055,1/21/2024,sports,north ,8,$185.12 ,1480.96
12056,4/11/2024,toys,west,6,$183.37 ,1100.22
12057,3/13/2024,sports,north ,9,$161.70 ,1455.3
12058,6/21/2024,sports,east,,$178.01 ,
12059,4/27/2024,toys,north ,9,$119.73 ,1077.57
12060,6/10/2024,clothings,east,6,$67.23 ,403.38
12061,2/9/2024,Electronics,west,6,$165.59 ,993.54
12062,2/1/2024,books,west,6,$16.82 ,100.92
12063,3/8/2024,clothings,south,3,$186.50 ,559.5
12064,5/30/2024,clothings,north ,1,$135.07 ,135.07
12065,4/11/2024,toys,south,,$168.52 ,
12066,3/1/2024,Electronics,north ,5,$31.94 ,159.7
12067,6/16/2024,sports,south,6,$145.62 ,873.72
12068,3/19/2024,Electronics,east,2,$79.90 ,159.8
12069,1/1/2024,clothings,east,4,$64.20 ,256.8
12070,2/26/2024,clothings,west,9,$176.93 ,1592.37
12071,2/16/2024,sports,south,7,$149.09 ,1043.63
12072,1/23/2024,Electronics,south,9,$124.15 ,1117.35
12073,5/4/2024,sports,west,6,$43.15 ,258.9
12074,2/25/2024,toys,east,9,$134.99 ,1214.91
12075,1/31/2024,Home goods,south,2,$37.61 ,75.22
12076,5/12/2024,Home goods,south,6,  ,
12077,3/28/2024,clothings,south,2,$118.22 ,236.44
12078,1/3/2024,books,north ,,$81.43 ,
12079,2/5/2024,clothings,east,7,$65.98 ,461.86
12080,6/13/2024,toys,south,5,$26.26 ,131.3
12081,6/20/2024,sports,south,8,$155.77 ,1246.16
12082,1/22/2024,sports,west,8,$114.71 ,917.68
12083,4/13/2024,sports,north ,7,$171.62 ,1201.34
12084,6/10/2024,Electronics,north ,2,$12.63 ,25.26
12085,4/13/2024,clothings,south,7,$136.30 ,954.1
12086,2/19/2024,Home goods,west,4,$128.42 ,513.68
12087,1/13/2024,toys,north ,7,$19.58 ,137.06
12088,4/25/2024,Electronics,west,9,$118.95 ,1070.55
12089,5/20/2024,Home goods,west,2,$45.97 ,91.94
12090,6/14/2024,clothings,west,9,$13.15 ,118.35
12091,1/23/2024,sports,west,5,$61.13 ,305.65
12092,1/27/2024,clothings,south,4,$12.89 ,51.56
12093,5/16/2024,sports,south,8,$11.98 ,95.84
12094,2/21/2024,books,north ,6,$190.07 ,1140.42
12095,2/24/2024,toys,east,4,$30.90 ,123.6
12096,2/23/2024,toys,east,,$184.53 ,
12097,3/11/2024,sports,north ,5,$97.06 ,485.3
12098,5/5/2024,Home goods,south,10,$174.19 ,1741.9
12099,3/28/2024,Electronics,west,4,$72.95 ,291.8
12100,5/26/2024,books,south,8,$91.70 ,733.6
12101,1/31/2024,Home goods,south,4,$13.24 ,52.96
12102,3/5/2024,clothings,south,6,$149.98 ,899.88
12103,4/23/2024,Electronics,south,2,$133.94 ,267.88
12104,1/13/2024,toys,north ,9,$125.65 ,1130.85
12105,4/23/2024,clothings,south,5,$184.27 ,921.35
12106,2/14/2024,books,west,8,$20.52 ,164.16
12107,6/15/2024,books,east,, Thirty ,
12108,6/12/2024,Electronics,east,5,$65.26 ,326.3
12109,2/8/2024,clothings,north ,7,$173.23 ,1212.61
12110,6/15/2024,Home goods,north ,3,$112.24 ,336.72
12111,5/8/2024,sports,south,7,$104.55 ,731.85
12112,4/16/2024,Home goods,south,5,$88.09 ,440.45
12113,3/5/2024,clothings,south,4,$60.00 ,240
12114,2/29/2024,Home goods,west,,$78.40 ,
12115,4/30/2024,Home goods,east,3,$162.90 ,488.7
12116,2/18/2024,sports,north ,1,$145.62 ,145.62
12117,2/13/2024,Electronics,south,5,$18.43 ,92.15
12118,5/22/2024,toys,north ,3,$112.36 ,337.08
12119,6/13/2024,sports,west,4,$139.52 ,558.08
12120,4/19/2024,toys,north ,4,$162.41 ,649.64
12121,2/19/2024,sports,south,5,$98.90 ,494.5
12122,1/3/2024,Electronics,east,10,$135.89 ,1358.9
12123,1/6/2024,Electronics,south,5,$104.73 ,523.65
12124,4/2/2024,clothings,west,7,$45.51 ,318.57
12125,3/15/2024,clothings,west,1,$98.89 ,98.89
12126,4/15/2024,Electronics,east,7,$195.75 ,1370.25
12127,3/26/2024,books,south,3,$30.72 ,92.16
12128,5/25/2024,Home goods,west,6,$16.97 ,101.82
12129,2/5/2024,toys,west,1,$162.34 ,162.34
12130,1/10/2024,Home goods,west,6,$134.56 ,807.36
12131,6/22/2024,books,east,7,$112.47 ,787.29
12132,5/28/2024,toys,south,6,$109.34 ,656.04
12133,1/3/2024,Electronics,north ,1,$121.62 ,121.62
12134,3/16/2024,books,east,,$71.59 ,
12135,6/1/2024,clothings,north ,9,$24.63 ,221.67
12136,1/11/2024,Home goods,north ,8,$148.80 ,1190.4
12137,2/7/2024,toys,west,5,$189.88 ,949.4
12138,3/23/2024,Electronics,east,9,$198.33 ,1784.97
12139,6/2/2024,clothings,east,5,$180.46 ,902.3
12140,5/2/2024,Electronics,north ,2,$155.25 ,310.5
12141,1/24/2024,books,south,7,$90.40 ,632.8
12142,4/8/2024,toys,south,7,$18.27 ,127.89
12143,1/16/2024,Home goods,east,10,$111.43 ,1114.3
12144,2/13/2024,sports,west,9,$68.39 ,615.51
12145,5/9/2024,Electronics,west,5,$30.63 ,153.15
12146,1/21/2024,toys,west,6,$104.49 ,626.94
12147,4/26/2024,Electronics,west,2,$86.81 ,173.62
12148,5/27/2024,Electronics,south,5,$172.28 ,861.4
12149,6/24/2024,toys,east,4,$199.49 ,797.96
12150,5/18/2024,books,west,7,$76.07 ,532.49
12151,3/25/2024,sports,east,4,$39.10 ,156.4
12152,6/30/2024,Home goods,east,10,$150.70 ,1507
12153,3/21/2024,clothings,south,,$108.55 ,
12154,1/21/2024,Home goods,west,1,$196.94 ,196.94
12155,6/7/2024,books,north ,8,$188.89 ,1511.12
12156,4/6/2024,Electronics,north ,5,$167.00 ,835
12157,1/30/2024,sports,west,2,$83.11 ,166.22
12158,1/13/2024,sports,north ,5,$53.59 ,267.95
12159,5/14/2024,Electronics,west,4,$149.62 ,598.48
12160,1/20/2024,clothings,east,10,$35.36 ,353.6
12161,3/2/2024,sports,south,7,$122.26 ,855.82
12162,1/13/2024,sports,south,4,$62.17 ,248.68
12163,6/14/2024,Home goods,north ,3,$150.42 ,451.26
12164,5/22/2024,Home goods,west,6,$124.86 ,749.16
12165,1/11/2024,books,west,9,$181.44 ,1632.96
12166,4/4/2024,Home goods,west,10,$63.67 ,636.7
12167,5/23/2024,Home goods,west,4,$131.48 ,525.92
12168,1/17/2024,Home goods,north ,10,$68.00 ,680
12169,4/9/2024,sports,east,4,$72.55 ,290.2
12170,1/1/2024,sports,south,4,$176.76 ,707.04
12171,5/13/2024,Home goods,north ,6,$129.56 ,777.36
12172,2/21/2024,Electronics,north ,4,$12.53 ,50.12
12173,5/25/2024,clothings,east,10,$160.10 ,1601
12174,1/10/2024,clothings,north ,9,$40.65 ,365.85
12175,1/19/2024,sports,south,4,$94.85 ,379.4
12176,2/24/2024,books,south,8,$165.82 ,1326.56
12177,4/11/2024,clothings,east,4,$40.44 ,161.76
12178,2/9/2024,Electronics,north ,10,$29.45 ,294.5
12179,6/19/2024,toys,west,8,$114.13 ,913.04
12180,2/25/2024,Electronics,west,7,$10.52 ,73.64
12181,6/4/2024,sports,south,5,$100.67 ,503.35
12182,4/26/2024,clothings,west,2, Thirty ,
12183,2/27/2024,sports,west,10, Thirty ,
12184,5/13/2024,Electronics,south,8,  ,
12185,6/13/2024,Electronics,east,4,$197.49 ,789.96
12186,1/6/2024,toys,east,2,$108.64 ,217.28
12187,5/12/2024,Home goods,east,7,$163.63 ,1145.41
12188,5/19/2024,Home goods,north ,5,$138.77 ,693.85
12189,5/29/2024,sports,east,3, Thirty ,
12190,1/11/2024,sports,north ,5,$15.31 ,76.55
12191,4/30/2024,clothings,north ,4,$104.66 ,418.64
12192,4/30/2024,clothings,east,3,$56.17 ,168.51
12193,6/25/2024,Electronics,west,9,$75.46 ,679.14
12194,6/5/2024,Electronics,west,2,$129.53 ,259.06
12195,2/6/2024,clothings,west,10,$116.54 ,1165.4
12196,1/29/2024,books,east,9,$15.32 ,137.88
12197,2/21/2024,toys,south,4,$138.38 ,553.52
12198,1/5/2024,Electronics,north ,5,$144.96 ,724.8
12199,6/24/2024,sports,north ,1,$150.30 ,150.3
12200,1/20/2024,toys,south,7,$154.88 ,1084.16
12201,5/11/2024,clothings,east,3,$72.96 ,218.88
12202,1/14/2024,books,south,10,$65.22 ,652.2
12203,4/22/2024,books,north ,3,$159.99 ,479.97
12204,3/22/2024,toys,west,5,$125.79 ,628.95
12205,2/26/2024,sports,west,5,$172.91 ,864.55
12206,6/28/2024,clothings,west,3,$10.28 ,30.84
12207,2/18/2024,toys,south,4,$30.63 ,122.52
12208,2/20/2024,toys,south,10,$172.46 ,1724.6
12209,1/13/2024,Home goods,west,1,$90.33 ,90.33
12210,1/24/2024,sports,north ,9,$108.28 ,974.52
12211,2/24/2024,toys,west,10,$63.14 ,631.4
12212,4/26/2024,clothings,east,7,$158.08 ,1106.56
12213,4/22/2024,books,east,4,$105.58 ,422.32
12214,4/1/2024,Electronics,west,9,$22.67 ,204.03
12215,5/14/2024,sports,north ,10,$176.68 ,1766.8
12216,2/2/2024,clothings,south,3,$159.50 ,478.5
12217,3/22/2024,Electronics,west,8,$45.82 ,366.56
12218,3/14/2024,Home goods,west,6,$95.09 ,570.54
12219,5/22/2024,books,east,10,$91.93 ,919.3
12220,6/13/2024,Home goods,south,8,$34.89 ,279.12
12221,3/27/2024,clothings,east,3,$174.20 ,522.6
12222,1/31/2024,clothings,west,9,$32.77 ,294.93
12223,1/3/2024,clothings,east,8,$44.62 ,356.96
12224,5/8/2024,Electronics,south,10,$120.50 ,1205
12225,5/14/2024,books,west,4,$198.44 ,793.76
12226,4/21/2024,Electronics,west,1,$22.55 ,22.55
12227,3/11/2024,toys,north ,6,$79.65 ,477.9
12228,3/23/2024,clothings,east,2,$55.29 ,110.58
12229,3/5/2024,Home goods,east,5,$82.04 ,410.2
12230,5/24/2024,clothings,east,1,$78.63 ,78.63
12231,6/29/2024,toys,east,6,$138.77 ,832.62
12232,4/17/2024,sports,north ,4,$103.37 ,413.48
12233,6/18/2024,toys,south,10,$124.15 ,1241.5
12234,2/12/2024,sports,south,,$115.58 ,
12235,1/9/2024,clothings,north ,3,$113.28 ,339.84
12236,1/1/2024,sports,north ,,$97.30 ,
12237,3/13/2024,sports,east,,$17.62 ,
12238,2/11/2024,Home goods,north ,5,$183.66 ,918.3
12239,3/3/2024,books,east,2,$43.32 ,86.64
12240,1/20/2024,toys,west,8,$120.38 ,963.04
12241,4/4/2024,sports,east,1,$155.60 ,155.6
12242,3/26/2024,toys,east,2,$157.16 ,314.32
12243,2/9/2024,toys,north ,5,$71.32 ,356.6
12244,5/25/2024,toys,south,8,$14.56 ,116.48
12245,5/7/2024,books,west,6,$11.31 ,67.86
12246,5/8/2024,Electronics,west,10,$41.14 ,411.4
12247,5/26/2024,toys,west,4,$26.79 ,107.16
12248,2/20/2024,sports,west,4,$128.35 ,513.4
12249,3/2/2024,toys,east,10,$99.67 ,996.7
12250,6/1/2024,sports,south,2,$129.99 ,259.98
12251,3/24/2024,toys,west,2,$45.82 ,91.64
12252,6/3/2024,Home goods,south,6,$24.68 ,148.08
12253,2/20/2024,Electronics,north ,4,$136.27 ,545.08
12254,3/6/2024,Electronics,east,4,$175.65 ,702.6
12255,4/25/2024,Home goods,east,8,$55.48 ,443.84
12256,6/13/2024,sports,north ,9,$41.70 ,375.3
12257,4/21/2024,sports,south,3,$161.99 ,485.97
12258,3/28/2024,clothings,west,6,$159.93 ,959.58
12259,3/5/2024,clothings,west,3,$151.12 ,453.36
12260,5/17/2024,books,west,7,$24.03 ,168.21
12261,6/10/2024,books,east,9,$165.07 ,1485.63
12262,5/2/2024,clothings,west,4,$125.97 ,503.88
12263,4/12/2024,sports,east,2,$154.50 ,309
12264,4/26/2024,clothings,north ,9,$39.95 ,359.55
12265,2/24/2024,Electronics,west,8,$22.42 ,179.36
12266,6/7/2024,Electronics,west,6,$59.54 ,357.24
12267,1/20/2024,Electronics,north ,5,$165.34 ,826.7
12268,3/20/2024,sports,east,7,$112.33 ,786.31
12269,4/19/2024,sports,north ,5,$197.12 ,985.6
12270,6/3/2024,Home goods,east,7,$120.98 ,846.86
12271,4/30/2024,clothings,east,8,$30.66 ,245.28
12272,2/24/2024,Home goods,north ,5,$123.68 ,618.4
12273,2/18/2024,Electronics,west,7,$158.97 ,1112.79
12274,5/14/2024,books,south,5,$58.30 ,291.5
12275,1/9/2024,Electronics,north ,9,$10.24 ,92.16
12276,3/14/2024,toys,east,10,$88.31 ,883.1
12277,2/6/2024,sports,east,6,$198.50 ,1191
12278,4/16/2024,books,south,7,$80.25 ,561.75
12279,3/30/2024,toys,south,2,$81.36 ,162.72
12280,6/7/2024,clothings,north ,4,$111.59 ,446.36
12281,5/27/2024,Electronics,west,1,$19.50 ,19.5
12282,6/30/2024,sports,west,,$66.58 ,
12283,4/28/2024,Electronics,north ,7,$50.99 ,356.93
12284,1/13/2024,Electronics,west,5,$12.71 ,63.55
12285,4/19/2024,books,east,5,$30.08 ,150.4
12286,3/4/2024,sports,north ,4,$100.56 ,402.24
12287,2/20/2024,Home goods,west,4,$33.71 ,134.84
12288,2/22/2024,sports,west,3,$184.81 ,554.43
12289,1/30/2024,Home goods,north ,9,$197.28 ,1775.52
12290,4/25/2024,Home goods,south,,$148.51 ,
12291,3/25/2024,sports,east,10,$10.43 ,104.3
12292,4/16/2024,sports,south,6,$19.11 ,114.66
12293,2/29/2024,sports,east,6,$45.29 ,271.74
12294,2/16/2024,Electronics,east,7,$106.18 ,743.26
12295,3/8/2024,Electronics,north ,8,$32.30 ,258.4
12296,6/28/2024,books,north ,1,$172.55 ,172.55
12297,4/6/2024,sports,north ,9,  ,
12298,5/10/2024,clothings,north ,1,$10.45 ,10.45
12299,2/22/2024,Electronics,west,6,$106.91 ,641.46
12300,4/17/2024,books,east,7,$115.93 ,811.51
12301,6/21/2024,sports,north ,6,$199.42 ,1196.52
12302,1/22/2024,Electronics,south,7,$29.17 ,204.19
12303,3/21/2024,books,west,5,$22.31 ,111.55
12304,1/2/2024,toys,north ,3,$87.05 ,261.15
12305,3/6/2024,Home goods,west,7,$51.69 ,361.83
12306,6/19/2024,sports,south,10,$176.31 ,1763.1
12307,4/22/2024,Home goods,east,,$32.53 ,
12308,2/13/2024,Home goods,east,7,$71.62 ,501.34
12309,2/4/2024,books,east,10,$89.75 ,897.5
12310,6/16/2024,clothings,east,9,$123.26 ,1109.34
12311,2/15/2024,Home goods,east,,$120.41 ,
12312,6/1/2024,clothings,north ,4,$47.40 ,189.6
12313,5/14/2024,Electronics,south,2,$86.87 ,173.74
12314,1/14/2024,toys,west,,$119.75 ,
12315,5/30/2024,clothings,north ,8,$23.73 ,189.84
12316,3/11/2024,Home goods,east,8,$185.38 ,1483.04
12317,2/23/2024,Electronics,north ,9,$111.56 ,1004.04
12318,3/7/2024,Electronics,west,5,$174.09 ,870.45
12319,1/23/2024,toys,north ,6,$141.05 ,846.3
12320,2/1/2024,books,south,3,$32.53 ,97.59
12321,2/17/2024,books,south,7,$198.74 ,1391.18
12322,5/8/2024,toys,north ,8,$86.04 ,688.32
12323,5/11/2024,clothings,east,8,$164.56 ,1316.48
12324,5/12/2024,clothings,south,5,$72.95 ,364.75
12325,3/11/2024,Electronics,west,2,$153.24 ,306.48
12326,3/18/2024,Electronics,south,8,$20.71 ,165.68
12327,6/26/2024,books,east,4,$84.32 ,337.28
12328,1/23/2024,sports,east,10,$12.69 ,126.9
12329,5/22/2024,toys,west,10,$51.58 ,515.8
12330,5/11/2024,toys,north ,2,$108.48 ,216.96
12331,6/27/2024,sports,south,9,$153.70 ,1383.3
12332,3/26/2024,Home goods,south,1,$85.48 ,85.48
12333,4/14/2024,books,north ,5,$18.85 ,94.25
12334,1/1/2024,Electronics,west,10,$186.19 ,1861.9
12335,6/13/2024,sports,west,10,$198.69 ,1986.9
12336,2/7/2024,toys,east,3,$104.98 ,314.94
12337,1/11/2024,sports,east,1,$142.23 ,142.23
12338,5/25/2024,books,south,1,$23.48 ,23.48
12339,1/2/2024,Home goods,south,2,$18.84 ,37.68
12340,4/21/2024,sports,east,9,$132.12 ,1189.08
12341,2/22/2024,Electronics,south,3,$19.47 ,58.41
12342,6/20/2024,clothings,west,3,$26.04 ,78.12
12343,2/9/2024,clothings,north ,6,$21.78 ,130.68
12344,5/12/2024,Home goods,west,,$56.57 ,
12345,3/15/2024,Home goods,east,10,$89.00 ,890
12346,5/10/2024,Electronics,west,6,$195.50 ,1173
12347,1/17/2024,Home goods,west,3,$77.87 ,233.61
12348,3/20/2024,toys,west,4,$17.56 ,70.24
12349,2/26/2024,sports,south,5,$159.77 ,798.85
12350,6/5/2024,Electronics,north ,2,$122.91 ,245.82
12351,4/16/2024,toys,east,3,$40.75 ,122.25
12352,1/23/2024,toys,south,1,$145.64 ,145.64
12353,2/18/2024,toys,east,3,$118.50 ,355.5
12354,3/21/2024,clothings,east,10,$63.45 ,634.5
12355,1/2/2024,toys,south,2,$137.78 ,275.56
12356,1/4/2024,clothings,west,8,$194.55 ,1556.4
12357,4/10/2024,clothings,east,9,$47.66 ,428.94
12358,2/1/2024,Electronics,south,2,$38.35 ,76.7
12359,3/28/2024,clothings,south,9, Thirty ,
12360,3/5/2024,clothings,north ,4,$105.55 ,422.2
12361,6/16/2024,clothings,west,,$16.64 ,
12362,6/12/2024,books,east,9,$104.17 ,937.53
12363,6/29/2024,Home goods,north ,1,$141.24 ,141.24
12364,6/18/2024,Home goods,east,6,$192.66 ,1155.96
12365,6/18/2024,clothings,west,4,$129.68 ,518.72
12366,1/4/2024,Electronics,west,7,$108.77 ,761.39
12367,1/17/2024,toys,east,3,$120.90 ,362.7
12368,6/17/2024,Electronics,west,6,$88.73 ,532.38
12369,5/25/2024,sports,west,2,$16.82 ,33.64
12370,3/15/2024,sports,north ,5,$147.37 ,736.85
12371,5/18/2024,Home goods,south,4,$26.68 ,106.72
12372,6/23/2024,clothings,north ,9,$63.22 ,568.98
12373,2/15/2024,sports,south,5,$150.82 ,754.1
12374,3/15/2024,books,south,10,$44.91 ,449.1
12375,4/18/2024,sports,south,9,$81.80 ,736.2
12376,4/5/2024,books,west,3,$189.02 ,567.06
12377,4/12/2024,Electronics,east,6,$29.38 ,176.28
12378,4/30/2024,sports,south,10,$144.00 ,1440
12379,1/30/2024,Home goods,east,, Thirty ,
12380,6/6/2024,clothings,south,2,$108.71 ,217.42
12381,4/5/2024,sports,east,2,$95.32 ,190.64
12382,3/30/2024,books,east,10,$94.20 ,942
12383,4/25/2024,toys,north ,9,$115.17 ,1036.53
12384,6/3/2024,clothings,north ,2,$49.00 ,98
12385,2/3/2024,sports,east,9,$30.62 ,275.58
12386,3/14/2024,books,north ,10,$131.36 ,1313.6
12387,3/14/2024,sports,east,5,$55.62 ,278.1
12388,2/27/2024,sports,west,2,$38.27 ,76.54
12389,6/14/2024,books,north ,10,  ,
12390,4/10/2024,books,south,4,$112.21 ,448.84
12391,4/16/2024,clothings,west,5,$177.67 ,888.35
12392,5/27/2024,toys,west,7, Thirty ,
12393,6/1/2024,books,south,8,$186.95 ,1495.6
12394,4/2/2024,sports,west,3,$74.03 ,222.09
12395,6/6/2024,books,west,5,$144.62 ,723.1
12396,4/26/2024,books,south,7,$127.47 ,892.29
12397,3/3/2024,Electronics,south,,$146.12 ,
12398,6/21/2024,toys,west,3,$122.25 ,366.75
12399,6/8/2024,toys,south,6,$91.43 ,548.58
12400,5/19/2024,clothings,west,6,  ,
12401,3/6/2024,Electronics,west,1,$39.26 ,39.26
12402,1/23/2024,books,south,3,$49.14 ,147.42
12403,2/14/2024,sports,west,4,$13.27 ,53.08
12404,5/17/2024,Home goods,north ,8,$167.09 ,1336.72
12405,2/15/2024,Home goods,south,5,$22.29 ,111.45
12406,5/22/2024,Electronics,east,8,$190.61 ,1524.88
12407,6/27/2024,clothings,north ,3,$129.83 ,389.49
12408,6/15/2024,toys,south,7,  ,
12409,6/28/2024,toys,north ,3,$165.37 ,496.11
12410,2/26/2024,clothings,west,7,$164.30 ,1150.1
12411,4/30/2024,books,south,8,$132.14 ,1057.12
12412,1/17/2024,Electronics,west,,$141.46 ,
12413,3/5/2024,sports,north ,3,$144.15 ,432.45
12414,4/30/2024,sports,south,10,$127.11 ,1271.1
12415,3/16/2024,Electronics,north ,7, Thirty ,
12416,1/21/2024,clothings,south,3, Thirty ,
12417,6/25/2024,books,west,8,$14.98 ,119.84
12418,3/4/2024,sports,north ,7,$163.17 ,1142.19
12419,2/13/2024,Electronics,west,3,$146.41 ,439.23
12420,5/20/2024,Home goods,north ,4,$152.12 ,608.48
12421,5/17/2024,books,west,4,$122.94 ,491.76
12422,5/16/2024,sports,north ,3,$122.98 ,368.94
12423,3/19/2024,clothings,north ,7,$190.31 ,1332.17
12424,5/25/2024,clothings,west,5,$84.96 ,424.8
12425,4/6/2024,toys,north ,5,$24.92 ,124.6
12426,4/14/2024,sports,west,1,$58.88 ,58.88
12427,2/3/2024,sports,west,1,$85.71 ,85.71
12428,5/6/2024,toys,south,2,$19.10 ,38.2
12429,1/1/2024,books,west,5,$91.48 ,457.4
12430,2/17/2024,sports,east,9,$58.12 ,523.08
12431,6/17/2024,Electronics,west,5,$80.27 ,401.35
12432,6/14/2024,books,east,5,$31.90 ,159.5
12433,3/10/2024,Electronics,north ,4,$25.63 ,102.52
12434,5/5/2024,Electronics,north ,5,$108.64 ,543.2
12435,3/27/2024,Electronics,east,6,$58.81 ,352.86
12436,2/23/2024,books,east,7,$47.97 ,335.79
12437,5/10/2024,books,east,3,$22.48 ,67.44
12438,5/30/2024,sports,east,4,$133.46 ,533.84
12439,1/11/2024,books,east,1,$177.82 ,177.82
12440,4/27/2024,Home goods,west,2,$171.31 ,342.62
12441,2/13/2024,Electronics,west,6,$119.84 ,719.04
12442,4/15/2024,Home goods,south,5,$134.97 ,674.85
12443,6/12/2024,Home goods,north ,6,$51.09 ,306.54
12444,4/23/2024,sports,north ,6,$45.13 ,270.78
12445,2/5/2024,sports,north ,2,$160.65 ,321.3
12446,4/26/2024,Home goods,north ,9,$34.80 ,313.2
12447,2/2/2024,toys,west,7,$162.36 ,1136.52
12448,1/11/2024,toys,north ,1,$110.32 ,110.32
12449,1/3/2024,Electronics,north ,6,$64.81 ,388.86
12450,2/16/2024,sports,south,6,$58.16 ,348.96
12451,1/12/2024,Home goods,north ,10,$73.31 ,733.1
12452,4/11/2024,Home goods,west,1,$10.55 ,10.55
12453,2/6/2024,toys,south,1,$62.36 ,62.36
12454,5/7/2024,Electronics,south,8,$44.60 ,356.8
12455,1/3/2024,Home goods,south,5,$100.38 ,501.9
12456,6/11/2024,Electronics,west,6,$85.54 ,513.24
12457,1/8/2024,Home goods,south,9,$31.46 ,283.14
12458,1/30/2024,books,south,6,$21.91 ,131.46
12459,2/16/2024,books,south,10,$165.62 ,1656.2
12460,2/25/2024,sports,south,1,$170.58 ,170.58
12461,6/5/2024,sports,east,2,$17.40 ,34.8
12462,6/6/2024,sports,south,3,$16.32 ,48.96
12463,2/7/2024,Electronics,east,4,$199.54 ,798.16
12464,1/11/2024,clothings,west,8,$122.14 ,977.12
12465,2/5/2024,sports,south,8,$57.77 ,462.16
12466,2/8/2024,Electronics,west,9,$189.68 ,1707.12
12467,6/19/2024,sports,west,8,$69.88 ,559.04
12468,6/17/2024,Electronics,north ,10,$54.15 ,541.5
12469,2/3/2024,Electronics,west,2,$32.17 ,64.34
12470,4/21/2024,sports,north ,,$36.26 ,
12471,3/28/2024,sports,south,8,$45.48 ,363.84
12472,6/13/2024,Electronics,south,9,  ,
12473,3/27/2024,books,east,6,$164.96 ,989.76
12474,5/19/2024,clothings,north ,4,$147.97 ,591.88
12475,1/12/2024,Electronics,east,9,$41.49 ,373.41
12476,2/3/2024,clothings,north ,4,$91.61 ,366.44
12477,2/26/2024,Electronics,east,7,$93.87 ,657.09
12478,5/7/2024,sports,west,1,$37.82 ,37.82
12479,1/23/2024,toys,north ,1,$51.79 ,51.79
12480,3/3/2024,Electronics,west,6,$92.00 ,552
12481,3/4/2024,Home goods,east,5,$157.95 ,789.75
12482,3/10/2024,Home goods,east,8,$37.94 ,303.52
12483,3/27/2024,clothings,west,2,$125.92 ,251.84
12484,3/6/2024,books,west,4,  ,
12485,3/16/2024,sports,west,4,$35.67 ,142.68
12486,4/19/2024,books,west,,  ,
12487,4/10/2024,sports,north ,8,$164.87 ,1318.96
12488,1/3/2024,Home goods,north ,1,$113.83 ,113.83
12489,2/11/2024,clothings,south,7,$39.33 ,275.31
12490,2/22/2024,Home goods,east,2,$31.75 ,63.5
12491,5/29/2024,clothings,west,6,$182.86 ,1097.16
12492,3/10/2024,Home goods,west,6,$65.37 ,392.22
12493,1/3/2024,Electronics,east,7,$185.56 ,1298.92
12494,3/16/2024,Home goods,east,,$11.43 ,
12495,6/1/2024,toys,west,7,$130.28 ,911.96
12496,4/22/2024,books,south,,$88.32 ,
12497,1/10/2024,books,south,,$166.21 ,
12498,6/1/2024,books,west,6,$138.20 ,829.2
12499,4/4/2024,books,west,3,$74.48 ,223.44
12500,1/19/2024,Home goods,east,8,$135.77 ,1086.16
12501,2/6/2024,Electronics,south,1,$92.99 ,92.99
12502,6/18/2024,clothings,south,9,$176.38 ,1587.42
12503,2/27/2024,sports,west,4,$17.30 ,69.2
12504,1/31/2024,sports,east,2,$162.24 ,324.48
12505,3/28/2024,Home goods,south,2,$111.72 ,223.44
12506,5/28/2024,clothings,west,8,$163.36 ,1306.88
12507,5/10/2024,books,north ,3,$155.96 ,467.88
12508,2/11/2024,sports,north ,,$19.99 ,
12509,2/25/2024,Electronics,north ,2,$140.44 ,280.88
12510,4/9/2024,Electronics,west,3,$39.25 ,117.75
12511,2/29/2024,Home goods,north ,10,$17.61 ,176.1
12512,1/30/2024,books,west,,$144.09 ,
12513,6/7/2024,toys,west,4,$112.82 ,451.28
12514,3/22/2024,toys,east,,$33.50 ,
12515,4/9/2024,sports,west,7,$151.85 ,1062.95
12516,4/25/2024,Home goods,south,9,$184.70 ,1662.3
12517,1/28/2024,Electronics,north ,3,$116.10 ,348.3
12518,1/25/2024,sports,north ,5,$127.70 ,638.5
12519,4/6/2024,sports,south,3,$57.29 ,171.87
12520,1/15/2024,books,north ,8,$76.81 ,614.48
12521,6/2/2024,books,east,6,$166.26 ,997.56
12522,5/21/2024,Electronics,south,4,$131.03 ,524.12
12523,2/7/2024,toys,east,9,$166.55 ,1498.95
12524,6/21/2024,sports,west,2,$95.08 ,190.16
12525,3/1/2024,books,south,10,$186.09 ,1860.9
12526,5/26/2024,sports,east,7,$74.40 ,520.8
12527,2/27/2024,toys,west,4,$103.49 ,413.96
12528,3/10/2024,Electronics,south,1,$143.43 ,143.43
12529,4/7/2024,Home goods,west,3,$154.55 ,463.65
12530,4/14/2024,Home goods,south,2,$69.20 ,138.4
12531,2/7/2024,Home goods,east,9,$146.55 ,1318.95
12532,3/9/2024,Electronics,east,,$95.43 ,
12533,1/1/2024,sports,east,7,$152.76 ,1069.32
12534,6/13/2024,Home goods,south,2,$87.28 ,174.56
12535,4/19/2024,books,east,7,$100.62 ,704.34
12536,5/4/2024,clothings,west,7,$52.38 ,366.66
12537,2/20/2024,sports,north ,,$48.85 ,
12538,5/21/2024,sports,east,3,$70.10 ,210.3
12539,6/21/2024,Electronics,east,4, Thirty ,
12540,1/2/2024,Home goods,north ,3,$78.39 ,235.17
12541,3/8/2024,books,east,8,$96.85 ,774.8
12542,1/15/2024,sports,south,1,$127.31 ,127.31
12543,5/29/2024,books,west,9,$38.25 ,344.25
12544,5/3/2024,books,east,6,$172.56 ,1035.36
12545,2/20/2024,Home goods,west,8,$36.96 ,295.68
12546,6/30/2024,books,south,1,$139.98 ,139.98
12547,4/10/2024,sports,east,3,$133.77 ,401.31
12548,4/7/2024,Home goods,south,5,  ,
12549,4/2/2024,toys,east,10,$53.04 ,530.4
12550,5/16/2024,toys,east,,$131.42 ,
12551,1/22/2024,Electronics,west,4,$108.75 ,435
12552,3/14/2024,sports,north ,3,$96.44 ,289.32
12553,1/9/2024,Electronics,south,10,$67.70 ,677
12554,2/4/2024,Electronics,east,7,  ,
12555,5/21/2024,toys,west,5,$160.44 ,802.2
12556,2/27/2024,sports,west,,$178.18 ,
12557,5/22/2024,sports,east,2, Thirty ,
12558,1/30/2024,toys,north ,5,$103.02 ,515.1
12559,6/6/2024,toys,east,5,$104.56 ,522.8
12560,1/14/2024,Home goods,west,6,$54.00 ,324
12561,5/18/2024,books,north ,7,$72.73 ,509.11
12562,6/22/2024,Home goods,east,10,$17.40 ,174
12563,6/26/2024,Home goods,north ,9,$22.40 ,201.6
12564,4/9/2024,books,east,6,$56.08 ,336.48
12565,2/4/2024,sports,west,10,$30.65 ,306.5
12566,6/28/2024,Home goods,west,9,$142.95 ,1286.55
12567,2/13/2024,Electronics,north ,6,$133.94 ,803.64
12568,3/5/2024,books,south,8,$130.86 ,1046.88
12569,6/14/2024,clothings,south,8,$193.97 ,1551.76
12570,5/7/2024,toys,west,9,$95.57 ,860.13
12571,6/15/2024,books,west,6,$115.56 ,693.36
12572,6/22/2024,Electronics,west,6,$157.27 ,943.62
12573,4/7/2024,clothings,east,7,$87.01 ,609.07
12574,1/9/2024,Home goods,west,4,$96.40 ,385.6
12575,2/4/2024,Home goods,south,7,$34.32 ,240.24
12576,2/19/2024,Electronics,west,6,$37.25 ,223.5
12577,2/23/2024,sports,east,2,$37.86 ,75.72
12578,5/25/2024,Home goods,west,,$108.77 ,
12579,3/7/2024,Electronics,north ,5,$187.64 ,938.2
12580,5/12/2024,Electronics,east,10,$49.07 ,490.7
12581,4/26/2024,clothings,north ,3,$45.74 ,137.22
12582,4/30/2024,clothings,north ,10,$49.12 ,491.2
12583,5/25/2024,toys,east,1,$82.59 ,82.59
12584,4/30/2024,sports,west,4,$148.47 ,593.88
12585,1/1/2024,clothings,north ,4,$136.22 ,544.88
12586,5/15/2024,books,west,4,$156.40 ,625.6
12587,5/18/2024,Home goods,west,5,$170.89 ,854.45
12588,5/10/2024,sports,east,9,$98.23 ,884.07
12589,6/29/2024,books,east,7,$76.99 ,538.93
12590,5/25/2024,books,north ,4,$193.40 ,773.6
12591,2/13/2024,toys,east,2,$58.27 ,116.54
12592,4/11/2024,toys,west,8,$194.72 ,1557.76
12593,1/23/2024,Electronics,south,8,$144.07 ,1152.56
12594,4/10/2024,books,south,6,$63.09 ,378.54
12595,5/30/2024,Home goods,south,7,$81.22 ,568.54
12596,3/13/2024,Electronics,west,1,$187.91 ,187.91
12597,4/14/2024,Home goods,south,7,$182.33 ,1276.31
12598,5/10/2024,Home goods,west,4,$27.10 ,108.4
12599,3/6/2024,Electronics,east,7,$117.26 ,820.82
12600,1/21/2024,clothings,west,2,$191.64 ,383.28
12601,2/3/2024,clothings,north ,1,$82.11 ,82.11
12602,4/12/2024,Electronics,west,2,$45.87 ,91.74
12603,2/20/2024,toys,east,7,$30.95 ,216.65
12604,4/7/2024,books,south,,$72.35 ,
12605,1/18/2024,sports,west,7,$95.11 ,665.77
12606,4/3/2024,sports,south,6,$73.73 ,442.38
12607,3/8/2024,clothings,west,1,$29.41 ,29.41
12608,2/25/2024,sports,north ,3,$13.46 ,40.38
12609,1/20/2024,Electronics,north ,10,$170.91 ,1709.1
12610,3/12/2024,toys,north ,1,$69.83 ,69.83
12611,1/8/2024,books,east,9,$187.64 ,1688.76
12612,2/29/2024,toys,north ,9,$112.30 ,1010.7
12613,6/27/2024,sports,east,6,$175.50 ,1053
12614,4/1/2024,Electronics,north ,6,$23.35 ,140.1
12615,1/26/2024,sports,west,7,$67.87 ,475.09
12616,1/4/2024,Home goods,east,2,$10.04 ,20.08
12617,2/3/2024,clothings,south,2,$132.34 ,264.68
12618,5/4/2024,Electronics,west,2,$15.22 ,30.44
12619,1/20/2024,clothings,west,3,$20.47 ,61.41
12620,5/8/2024,books,east,3,$188.88 ,566.64
12621,3/4/2024,clothings,west,7,$92.40 ,646.8
12622,2/25/2024,sports,west,1,$67.01 ,67.01
12623,4/24/2024,Home goods,south,7,$34.81 ,243.67
12624,5/12/2024,Electronics,east,5,$191.69 ,958.45
12625,1/7/2024,sports,south,8,$12.61 ,100.88
12626,2/27/2024,Electronics,west,8,$26.24 ,209.92
12627,5/23/2024,clothings,south,10,$169.34 ,1693.4
12628,1/26/2024,Electronics,north ,8,$67.11 ,536.88
12629,3/25/2024,books,north ,10,$33.75 ,337.5
12630,4/17/2024,toys,west,4,$35.68 ,142.72
12631,6/8/2024,Electronics,east,10,  ,
12632,6/5/2024,toys,west,4,$14.06 ,56.24
12633,1/2/2024,clothings,south,6,$111.73 ,670.38
12634,4/26/2024,clothings,west,9,$112.64 ,1013.76
12635,6/17/2024,Electronics,south,7,$36.15 ,253.05
12636,4/26/2024,toys,north ,8,$101.60 ,812.8
12637,5/3/2024,toys,north ,10,$132.69 ,1326.9
12638,4/13/2024,toys,north ,4,$184.89 ,739.56
12639,5/5/2024,Electronics,south,7,$103.11 ,721.77
12640,5/22/2024,toys,north ,6,$183.75 ,1102.5
12641,3/10/2024,toys,east,4,$51.83 ,207.32
12642,4/25/2024,clothings,east,2,$40.70 ,81.4
12643,3/24/2024,sports,south,6,$98.62 ,591.72
12644,6/5/2024,sports,west,8,$124.99 ,999.92
12645,3/29/2024,Electronics,west,8,$24.95 ,199.6
12646,5/15/2024,sports,south,8,$130.02 ,1040.16
12647,3/15/2024,books,north ,2,$199.77 ,399.54
12648,5/24/2024,books,north ,10,$92.87 ,928.7
12649,1/25/2024,clothings,east,10,$66.75 ,667.5
12650,6/1/2024,Electronics,south,7,$120.24 ,841.68
12651,1/3/2024,Home goods,west,7,$123.16 ,862.12
12652,6/12/2024,books,west,10,$19.21 ,192.1
12653,6/12/2024,Home goods,north ,5,$130.96 ,654.8
12654,2/13/2024,books,north ,1,$82.82 ,82.82
12655,6/1/2024,Home goods,south,7,$79.57 ,556.99
12656,3/2/2024,clothings,north ,10,$92.63 ,926.3
12657,6/24/2024,sports,east,3,$45.27 ,135.81
12658,1/1/2024,Electronics,east,9,$118.90 ,1070.1
12659,5/11/2024,toys,north ,10,$187.92 ,1879.2
12660,4/5/2024,clothings,east,7,$39.38 ,275.66
12661,2/20/2024,sports,south,3,$62.04 ,186.12
12662,3/19/2024,books,east,2,$83.77 ,167.54
12663,1/27/2024,toys,west,2,$19.39 ,38.78
12664,5/19/2024,Electronics,east,1,$109.46 ,109.46
12665,3/19/2024,toys,north ,5,$24.30 ,121.5
12666,5/2/2024,clothings,south,5,$27.70 ,138.5
12667,2/3/2024,clothings,south,7,$135.80 ,950.6
12668,4/29/2024,Home goods,west,8,$146.16 ,1169.28
12669,5/2/2024,Electronics,north ,10,$187.92 ,1879.2
12670,2/3/2024,clothings,north ,,$144.94 ,
12671,5/11/2024,books,north ,7,$177.68 ,1243.76
12672,1/20/2024,clothings,north ,6,$133.76 ,802.56
12673,5/26/2024,books,south,8,  ,
12674,4/19/2024,Electronics,west,1,$58.96 ,58.96
12675,1/1/2024,clothings,north ,3,$110.60 ,331.8
12676,2/17/2024,Home goods,west,6,$58.20 ,349.2
12677,2/10/2024,books,west,9,$57.55 ,517.95
12678,6/4/2024,toys,south,10,$25.40 ,254
12679,1/16/2024,Home goods,south,1,$185.63 ,185.63
12680,3/14/2024,books,west,6,$90.39 ,542.34
12681,5/18/2024,Home goods,east,7,$93.08 ,651.56
12682,2/26/2024,Home goods,west,6,$137.73 ,826.38
12683,1/16/2024,clothings,west,5,$168.15 ,840.75
12684,2/16/2024,Electronics,east,3,$133.06 ,399.18
12685,3/13/2024,clothings,west,9,$129.59 ,1166.31
12686,1/13/2024,Electronics,west,7,$174.23 ,1219.61
12687,5/31/2024,sports,west,9,$12.51 ,112.59
12688,3/16/2024,Electronics,north ,1,$138.23 ,138.23
12689,5/4/2024,sports,north ,3,$66.97 ,200.91
12690,4/9/2024,books,south,7,$35.01 ,245.07
12691,2/28/2024,clothings,north ,,$147.15 ,
12692,1/13/2024,Home goods,west,,$180.59 ,
12693,5/27/2024,Electronics,south,1,$87.84 ,87.84
12694,1/4/2024,toys,west,5,$59.65 ,298.25
12695,5/12/2024,books,east,1,$72.85 ,72.85
12696,6/25/2024,clothings,south,4,$186.12 ,744.48
12697,1/2/2024,Electronics,south,,$35.29 ,
12698,1/10/2024,clothings,south,10,$154.53 ,1545.3
12699,1/26/2024,Electronics,north ,9,$197.41 ,1776.69
12700,5/12/2024,sports,east,1,$63.45 ,63.45
12701,6/11/2024,Electronics,east,5,$59.87 ,299.35
12702,4/23/2024,clothings,west,6,$178.15 ,1068.9
12703,4/30/2024,Electronics,east,9,$194.34 ,1749.06
12704,1/17/2024,sports,south,5,$139.21 ,696.05
12705,2/25/2024,books,north ,5,$189.23 ,946.15
12706,1/18/2024,sports,west,9,$49.75 ,447.75
12707,3/14/2024,Home goods,west,9,$199.53 ,1795.77
12708,6/18/2024,books,south,3,$29.86 ,89.58
12709,6/17/2024,toys,east,9,$104.05 ,936.45
12710,3/5/2024,clothings,south,10,$64.52 ,645.2
12711,6/15/2024,Electronics,east,10,$73.64 ,736.4
12712,2/28/2024,sports,west,10,$48.21 ,482.1
12713,1/18/2024,Electronics,east,1,$70.68 ,70.68
12714,5/15/2024,books,west,10,$24.30 ,243
12715,1/25/2024,books,north ,9,$29.09 ,261.81
12716,3/2/2024,Home goods,south,1,$179.73 ,179.73
12717,5/7/2024,Electronics,west,9,  ,
12718,6/16/2024,clothings,west,5,$186.80 ,934
12719,2/5/2024,clothings,north ,10,$168.88 ,1688.8
12720,3/24/2024,Home goods,north ,7,$91.60 ,641.2
12721,3/24/2024,sports,east,7,$193.25 ,1352.75
12722,5/10/2024,Home goods,south,3,$38.63 ,115.89
12723,1/30/2024,sports,north ,6,$183.99 ,1103.94
12724,2/1/2024,clothings,south,5,  ,
12725,6/11/2024,Electronics,east,9,$84.57 ,761.13
12726,2/17/2024,clothings,north ,1,$164.92 ,164.92
12727,3/12/2024,Electronics,east,10,  ,
12728,4/12/2024,books,north ,10,$141.63 ,1416.3
12729,4/11/2024,Home goods,north ,5,$118.63 ,593.15
12730,1/25/2024,sports,west,7, Thirty ,
12731,1/8/2024,toys,east,5,$154.67 ,773.35
12732,2/17/2024,toys,east,1,$147.33 ,147.33
12733,4/7/2024,Home goods,west,5,$143.60 ,718
12734,6/29/2024,books,west,1,$110.01 ,110.01
12735,4/30/2024,sports,south,10,$58.52 ,585.2
12736,2/20/2024,sports,east,1,$143.34 ,143.34
12737,2/7/2024,Electronics,west,1,$45.76 ,45.76
12738,4/22/2024,books,west,3,$196.88 ,590.64
12739,1/20/2024,sports,west,6,$73.39 ,440.34
12740,3/16/2024,Electronics,north ,5,$10.29 ,51.45
12741,1/22/2024,books,south,4,$110.68 ,442.72
12742,5/14/2024,toys,west,4,$69.70 ,278.8
12743,3/20/2024,sports,south,2,$92.02 ,184.04
12744,5/4/2024,Home goods,north ,6,$198.05 ,1188.3
12745,5/30/2024,sports,south,5,$61.10 ,305.5
12746,1/22/2024,toys,west,2,$61.43 ,122.86
12747,4/1/2024,Home goods,east,1,$37.46 ,37.46
12748,2/15/2024,toys,north ,1,$137.21 ,137.21
12749,5/1/2024,books,west,8,$16.25 ,130
12750,5/5/2024,Home goods,north ,1,$97.50 ,97.5
12751,6/17/2024,books,south,8,$86.56 ,692.48
12752,5/23/2024,clothings,west,2,$186.79 ,373.58
12753,1/11/2024,sports,east,8,$104.82 ,838.56
12754,6/12/2024,toys,east,2,$156.56 ,313.12
12755,5/19/2024,Home goods,north ,5,$84.20 ,421
12756,3/23/2024,sports,south,2,$14.38 ,28.76
12757,4/4/2024,clothings,north ,9,$62.51 ,562.59
12758,6/20/2024,books,north ,4,  ,
12759,6/18/2024,toys,south,7,$100.82 ,705.74
12760,2/18/2024,Home goods,north ,5,$111.07 ,555.35
12761,6/3/2024,toys,east,8,$68.09 ,544.72
12762,5/27/2024,Home goods,west,3,$107.69 ,323.07
12763,3/24/2024,sports,east,,$26.72 ,
12764,5/12/2024,clothings,north ,10,$127.36 ,1273.6
12765,3/17/2024,sports,north ,5, Thirty ,
12766,2/11/2024,Home goods,east,7,$83.05 ,581.35
12767,4/8/2024,clothings,east,6,$172.15 ,1032.9
12768,5/24/2024,clothings,south,6,$121.86 ,731.16
12769,2/24/2024,Electronics,north ,1,$107.90 ,107.9
12770,1/7/2024,books,south,6,$117.51 ,705.06
12771,1/24/2024,clothings,west,4,$167.76 ,671.04
12772,1/15/2024,sports,east,3,$28.69 ,86.07
12773,5/27/2024,Electronics,east,4,$18.65 ,74.6
12774,3/27/2024,Electronics,west,8,$63.78 ,510.24
12775,5/1/2024,toys,north ,4,$51.55 ,206.2
12776,1/15/2024,books,north ,,$45.28 ,
12777,5/29/2024,books,east,6,$97.16 ,582.96
12778,4/12/2024,Electronics,east,6,$181.68 ,1090.08
12779,3/16/2024,toys,north ,1,  ,
12780,4/21/2024,toys,east,3,$97.93 ,293.79
12781,4/8/2024,clothings,east,2,$146.46 ,292.92
12782,4/29/2024,toys,west,6,$135.57 ,813.42
12783,4/20/2024,Home goods,east,3,$20.81 ,62.43
12784,5/9/2024,Electronics,west,8,$53.56 ,428.48
12785,6/29/2024,toys,north ,8,$121.07 ,968.56
12786,3/5/2024,Home goods,south,3,$26.81 ,80.43
12787,6/19/2024,toys,west,2,$196.99 ,393.98
12788,1/31/2024,clothings,south,6,$99.34 ,596.04
12789,1/12/2024,books,east,9,$77.35 ,696.15
12790,2/14/2024,books,south,7,$190.76 ,1335.32
12791,5/13/2024,Electronics,south,6,$177.28 ,1063.68
12792,2/26/2024,clothings,south,7,$36.49 ,255.43
12793,2/6/2024,clothings,west,8,$36.77 ,294.16
12794,6/1/2024,Electronics,north ,3,$186.24 ,558.72
12795,1/4/2024,books,east,6,$35.90 ,215.4
12796,2/15/2024,sports,south,1, Thirty ,
12797,1/25/2024,toys,south,7, Thirty ,
12798,3/9/2024,clothings,east,10,$188.58 ,1885.8
12799,3/13/2024,sports,north ,3,$67.13 ,201.39
12800,3/8/2024,sports,south,7,$51.55 ,360.85
12801,2/11/2024,clothings,east,5,$74.30 ,371.5
12802,3/4/2024,Electronics,east,4,$154.68 ,618.72
12803,3/6/2024,Electronics,north ,9, Thirty ,
12804,3/11/2024,sports,north ,4,$74.45 ,297.8
12805,6/28/2024,Electronics,east,1,$94.47 ,94.47
12806,5/21/2024,toys,south,,$41.37 ,
12807,2/2/2024,Electronics,east,6,$131.71 ,790.26
12808,4/19/2024,Home goods,east,10,$55.03 ,550.3
12809,1/3/2024,books,west,,$27.63 ,
12810,2/26/2024,toys,north ,1,$70.69 ,70.69
12811,2/7/2024,books,north ,1,$83.80 ,83.8
12812,5/1/2024,clothings,west,4,$188.75 ,755
12813,6/1/2024,Home goods,west,5,$183.33 ,916.65
12814,5/15/2024,Electronics,west,2,$126.47 ,252.94
12815,3/14/2024,clothings,west,3,$101.38 ,304.14
12816,2/14/2024,toys,south,10,$188.20 ,1882
12817,1/14/2024,toys,east,3,$47.93 ,143.79
12818,4/5/2024,books,south,1,$25.75 ,25.75
12819,2/26/2024,Home goods,east,7,$22.82 ,159.74
12820,4/26/2024,toys,west,10,$179.38 ,1793.8
12821,6/8/2024,Electronics,west,6,$192.53 ,1155.18
12822,1/16/2024,sports,west,2,$92.87 ,185.74
12823,1/2/2024,Home goods,west,2,$83.64 ,167.28
12824,2/3/2024,toys,east,9,$190.53 ,1714.77
12825,1/17/2024,Home goods,east,8,$188.40 ,1507.2
12826,1/27/2024,Home goods,west,9,$20.95 ,188.55
12827,4/13/2024,Home goods,west,8,$67.69 ,541.52
12828,2/11/2024,Electronics,north ,5,$147.15 ,735.75
12829,3/19/2024,toys,north ,9,$29.28 ,263.52
12830,5/8/2024,Home goods,east,3,$160.55 ,481.65
12831,6/1/2024,books,north ,4,$117.68 ,470.72
12832,5/2/2024,sports,south,,$81.52 ,
12833,6/4/2024,books,west,10,  ,
12834,4/23/2024,books,west,10,$33.21 ,332.1
12835,4/28/2024,toys,east,6,$147.76 ,886.56
12836,5/25/2024,Electronics,south,7,$82.05 ,574.35
12837,5/12/2024,Electronics,east,8,$16.34 ,130.72
12838,5/9/2024,books,north ,8,$63.47 ,507.76
12839,4/17/2024,toys,north ,9,$26.86 ,241.74
12840,5/18/2024,books,north ,8,$128.21 ,1025.68
12841,5/29/2024,Home goods,west,,$76.96 ,
12842,3/3/2024,sports,north ,7,$149.88 ,1049.16
12843,4/12/2024,sports,east,1,$80.12 ,80.12
12844,1/19/2024,sports,north ,9,$157.46 ,1417.14
12845,5/26/2024,toys,east,10,$104.61 ,1046.1
12846,3/26/2024,sports,east,3,$182.43 ,547.29
12847,4/8/2024,sports,east,7,$10.14 ,70.98
12848,6/18/2024,toys,south,7,$27.70 ,193.9
12849,4/1/2024,toys,east,1,$140.51 ,140.51
12850,6/23/2024,Home goods,north ,4,$95.15 ,380.6
12851,1/31/2024,Home goods,south,9,  ,
12852,4/12/2024,Electronics,west,8,$70.26 ,562.08
12853,3/16/2024,books,west,9,$87.89 ,791.01
12854,6/20/2024,sports,south,6,$49.84 ,299.04
12855,3/10/2024,Electronics,east,4,$53.65 ,214.6
12856,4/9/2024,toys,south,10,$31.23 ,312.3
12857,5/13/2024,sports,south,10,$74.82 ,748.2
12858,6/22/2024,Home goods,south,,$23.23 ,
12859,4/25/2024,Home goods,south,8,$47.56 ,380.48
12860,4/3/2024,clothings,south,4,$78.63 ,314.52
12861,6/16/2024,books,north ,5,$81.72 ,408.6
12862,5/24/2024,clothings,west,7,$141.94 ,993.58
12863,3/28/2024,Home goods,north ,4,$60.34 ,241.36
12864,4/18/2024,books,south,10,$59.49 ,594.9
12865,4/17/2024,books,north ,3,$84.01 ,252.03
12866,5/18/2024,clothings,west,1,$132.33 ,132.33
12867,4/28/2024,clothings,south,3,$26.71 ,80.13
12868,3/4/2024,toys,west,1,$81.92 ,81.92
12869,3/8/2024,toys,west,7,  ,
12870,1/19/2024,toys,east,8,$188.10 ,1504.8
12871,5/29/2024,clothings,west,7,$150.46 ,1053.22
12872,2/2/2024,toys,east,3,$66.56 ,199.68
12873,5/7/2024,Home goods,south,10,$92.67 ,926.7
12874,5/27/2024,Home goods,east,2,$62.54 ,125.08
12875,4/30/2024,Electronics,west,9,$63.98 ,575.82
12876,5/25/2024,books,west,7,$15.73 ,110.11
12877,2/16/2024,toys,west,3,$150.60 ,451.8
12878,5/6/2024,clothings,north ,1,  ,
12879,6/23/2024,Electronics,north ,4,$127.58 ,510.32
12880,5/9/2024,Electronics,west,3,$71.07 ,213.21
12881,6/30/2024,toys,north ,7,$37.15 ,260.05
12882,4/26/2024,sports,east,4,$144.33 ,577.32
12883,5/21/2024,toys,south,4,$145.35 ,581.4
12884,3/22/2024,toys,west,8,$97.46 ,779.68
12885,6/17/2024,sports,west,3,$24.73 ,74.19
12886,4/4/2024,books,east,7,$32.32 ,226.24
12887,4/3/2024,sports,south,3,$78.20 ,234.6
12888,4/14/2024,Home goods,east,10,$66.12 ,661.2
12889,4/4/2024,Electronics,south,10,$85.21 ,852.1
12890,3/30/2024,sports,east,5,$128.20 ,641
12891,6/2/2024,Home goods,east,1,$95.48 ,95.48
12892,4/2/2024,sports,north ,5,$42.35 ,211.75
12893,4/18/2024,Home goods,west,9,$159.08 ,1431.72
12894,1/29/2024,books,south,3,$108.71 ,326.13
12895,5/20/2024,books,east,3,$149.47 ,448.41
12896,6/13/2024,clothings,south,9, Thirty ,
12897,6/19/2024,Home goods,south,1,$187.40 ,187.4
12898,5/20/2024,clothings,south,8,$198.71 ,1589.68
12899,4/18/2024,Electronics,west,8,$49.31 ,394.48
12900,2/10/2024,books,south,1,$182.35 ,182.35
12901,3/6/2024,Home goods,south,2,$56.05 ,112.1
12902,5/9/2024,books,west,9,$27.09 ,243.81
12903,5/23/2024,Home goods,north ,9,$169.71 ,1527.39
12904,3/31/2024,toys,west,6,$157.96 ,947.76
12905,4/26/2024,sports,west,3,$178.82 ,536.46
12906,6/25/2024,Electronics,west,6,$159.89 ,959.34
12907,1/19/2024,sports,east,6,$19.83 ,118.98
12908,6/22/2024,toys,east,1,$109.45 ,109.45
12909,6/18/2024,toys,north ,,$188.89 ,
12910,6/14/2024,sports,north ,6,$148.51 ,891.06
12911,2/13/2024,books,east,7,$43.02 ,301.14
12912,5/12/2024,toys,south,,$112.04 ,
12913,3/29/2024,toys,west,10,$174.18 ,1741.8
12914,4/8/2024,clothings,west,4,$162.72 ,650.88
12915,1/2/2024,toys,south,3,$39.34 ,118.02
12916,4/7/2024,Electronics,east,1,$54.49 ,54.49
12917,5/14/2024,sports,east,7,$158.99 ,1112.93
12918,1/26/2024,clothings,north ,10,  ,
12919,4/4/2024,Electronics,east,8,$120.30 ,962.4
12920,5/1/2024,toys,west,6,$136.52 ,819.12
12921,6/24/2024,Electronics,west,6,$155.70 ,934.2
12922,5/27/2024,books,west,3,$94.18 ,282.54
12923,3/2/2024,books,north ,1,$81.22 ,81.22
12924,3/16/2024,toys,south,7,$102.75 ,719.25
12925,3/18/2024,books,south,4,$164.89 ,659.56
12926,1/24/2024,clothings,east,1,$187.51 ,187.51
12927,6/8/2024,Home goods,north ,2, Thirty ,
12928,1/24/2024,sports,south,8,$183.19 ,1465.52
12929,2/1/2024,sports,west,3,$17.45 ,52.35
12930,4/12/2024,Home goods,north ,1,$121.39 ,121.39
12931,5/19/2024,sports,west,5,  ,
12932,5/9/2024,toys,south,,$181.05 ,
12933,4/30/2024,Electronics,west,5,$180.07 ,900.35
12934,1/11/2024,toys,south,3,$193.01 ,579.03
12935,3/3/2024,sports,north ,9,$137.43 ,1236.87
12936,2/22/2024,clothings,north ,7,  ,
12937,5/12/2024,clothings,west,4,$25.07 ,100.28
12938,4/22/2024,Home goods,east,5,  ,
12939,5/24/2024,clothings,east,2,$14.41 ,28.82
12940,4/21/2024,Electronics,east,4,$122.47 ,489.88
12941,3/21/2024,books,south,8,$141.84 ,1134.72
12942,6/5/2024,Electronics,south,5,$53.63 ,268.15
12943,6/19/2024,Home goods,west,6,$147.86 ,887.16
12944,2/23/2024,clothings,south,1,$27.64 ,27.64
12945,6/17/2024,toys,east,5,$15.39 ,76.95
12946,4/8/2024,toys,south,4, Thirty ,
12947,1/19/2024,sports,north ,1,$146.99 ,146.99
12948,6/3/2024,toys,east,2,$65.86 ,131.72
12949,1/6/2024,toys,north ,5,$11.93 ,59.65
12950,3/20/2024,books,west,10,$100.18 ,1001.8
12951,4/22/2024,clothings,west,2,$122.12 ,244.24
12952,5/3/2024,clothings,east,9,$24.01 ,216.09
12953,3/30/2024,books,north ,2,$16.62 ,33.24
12954,5/5/2024,books,west,9,$91.21 ,820.89
12955,2/6/2024,toys,north ,7,$121.13 ,847.91
12956,1/27/2024,Electronics,west,5,$24.71 ,123.55
12957,4/25/2024,Home goods,north ,9,$16.02 ,144.18
12958,6/10/2024,Home goods,north ,5,$110.60 ,553
12959,6/26/2024,books,east,5,$147.83 ,739.15
12960,6/8/2024,toys,west,8, Thirty ,
12961,2/21/2024,toys,east,8,$190.54 ,1524.32
12962,4/29/2024,books,west,9,$35.13 ,316.17
12963,4/2/2024,books,east,,$150.04 ,
12964,5/27/2024,Electronics,west,5,$163.19 ,815.95
12965,6/23/2024,Electronics,west,6,$132.22 ,793.32
12966,2/8/2024,toys,east,8,$91.73 ,733.84
12967,2/23/2024,books,west,6,$108.88 ,653.28
12968,3/8/2024,Electronics,south,9,$95.28 ,857.52
12969,3/15/2024,sports,west,9,$113.99 ,1025.91
12970,1/2/2024,clothings,west,3,$15.65 ,46.95
12971,6/10/2024,clothings,west,7, Thirty ,
12972,4/6/2024,Electronics,north ,10,$59.05 ,590.5
12973,4/30/2024,toys,east,5,$143.55 ,717.75
12974,4/25/2024,Electronics,east,10,$160.44 ,1604.4
12975,3/26/2024,toys,west,7,$23.90 ,167.3
12976,6/16/2024,sports,north ,5,$157.58 ,787.9
12977,4/30/2024,books,north ,4,$151.31 ,605.24
12978,4/12/2024,clothings,east,2,$89.40 ,178.8
12979,1/8/2024,books,west,7,$103.07 ,721.49
12980,4/29/2024,Electronics,south,1,$146.58 ,146.58
12981,4/4/2024,sports,west,8,$195.27 ,1562.16
12982,3/18/2024,Home goods,south,6,$70.97 ,425.82
12983,1/9/2024,toys,north ,5,$152.84 ,764.2
12984,4/2/2024,Home goods,south,10,$170.39 ,1703.9
12985,4/11/2024,sports,west,7,$60.39 ,422.73
12986,6/16/2024,Electronics,north ,6,$21.24 ,127.44
12987,3/20/2024,sports,south,3,$60.75 ,182.25
12988,1/31/2024,clothings,west,7,$187.89 ,1315.23
12989,4/15/2024,Home goods,south,2,  ,
12990,6/2/2024,sports,east,10,$77.93 ,779.3
12991,6/9/2024,books,west,2,$52.08 ,104.16
12992,3/18/2024,clothings,north ,5,$132.10 ,660.5
12993,5/27/2024,Electronics,south,7,$126.59 ,886.13
12994,4/17/2024,sports,east,1,$159.81 ,159.81
12995,6/3/2024,books,south,1,$143.80 ,143.8
12996,1/12/2024,clothings,south,8,$180.90 ,1447.2
12997,5/23/2024,Home goods,west,9,$157.77 ,1419.93
12998,6/29/2024,Electronics,east,,$74.13 ,
12999,4/6/2024,clothings,south,4,$70.44 ,281.76
13000,4/22/2024,toys,south,9,$100.55 ,904.95
13001,4/23/2024,Electronics,east,6,$57.27 ,343.62
13002,4/9/2024,Electronics,west,6,$118.21 ,709.26
13003,4/19/2024,clothings,west,1,  ,
13004,6/10/2024,Home goods,west,5, Thirty ,
13005,6/15/2024,Home goods,south,1,$67.91 ,67.91
13006,1/6/2024,Home goods,east,2,$175.74 ,351.48
13007,3/12/2024,toys,west,9,$91.46 ,823.14
13008,6/15/2024,Home goods,west,10,$81.69 ,816.9
13009,2/6/2024,sports,west,3,$19.70 ,59.1
13010,5/11/2024,sports,south,2,$184.14 ,368.28
13011,6/8/2024,sports,west,6,$91.09 ,546.54
13012,4/7/2024,books,west,3,$26.31 ,78.93
13013,4/2/2024,toys,south,9,  ,
13014,3/4/2024,Electronics,east,5,$17.09 ,85.45
13015,1/11/2024,toys,south,9,$136.26 ,1226.34
13016,3/17/2024,books,south,7,  ,
13017,5/12/2024,books,south,5,$26.57 ,132.85
13018,6/15/2024,toys,north ,8,$182.21 ,1457.68
13019,5/24/2024,books,west,6,$139.31 ,835.86
13020,6/23/2024,Home goods,west,10,$165.90 ,1659
13021,5/12/2024,books,south,1,$40.65 ,40.65
13022,4/12/2024,sports,west,6,$178.70 ,1072.2
13023,5/12/2024,Electronics,north ,8,$33.14 ,265.12
13024,3/1/2024,toys,west,1,$116.67 ,116.67
13025,6/20/2024,books,north ,4,$101.99 ,407.96
13026,2/28/2024,Electronics,north ,3,$38.26 ,114.78
13027,4/6/2024,toys,east,5,$155.83 ,779.15
13028,1/10/2024,sports,south,4,$93.80 ,375.2
13029,2/2/2024,sports,north ,5,$71.22 ,356.1
13030,1/22/2024,Electronics,north ,8,$46.51 ,372.08
13031,4/30/2024,clothings,east,10,$68.60 ,686
13032,3/24/2024,toys,south,1,$88.42 ,88.42
13033,3/25/2024,toys,west,7,$153.87 ,1077.09
13034,4/10/2024,Home goods,north ,1,$173.02 ,173.02
13035,5/27/2024,books,west,4,$44.93 ,179.72
13036,5/6/2024,Home goods,west,5,$67.29 ,336.45
13037,2/29/2024,clothings,south,1,$18.85 ,18.85
13038,3/10/2024,sports,west,8,$152.54 ,1220.32
13039,2/21/2024,books,east,6,$82.02 ,492.12
13040,2/25/2024,Home goods,north ,9,$163.57 ,1472.13
13041,6/6/2024,clothings,south,8,$112.39 ,899.12
13042,6/9/2024,Home goods,north ,4,$145.18 ,580.72
13043,3/16/2024,clothings,north ,4,$50.78 ,203.12
13044,1/5/2024,toys,north ,7,$53.21 ,372.47
13045,3/13/2024,sports,south,9,$89.47 ,805.23
13046,6/23/2024,books,south,10,$196.35 ,1963.5
13047,1/5/2024,books,north ,5,$56.29 ,281.45
13048,3/10/2024,books,east,,$89.31 ,
13049,5/2/2024,Home goods,north ,8,$53.42 ,427.36
13050,2/25/2024,Home goods,west,5,$127.18 ,635.9
13051,3/15/2024,Electronics,north ,8,$29.22 ,233.76
13052,4/23/2024,sports,east,8,$31.03 ,248.24
13053,3/2/2024,clothings,west,10,$113.33 ,1133.3
13054,5/26/2024,clothings,east,5,$194.83 ,974.15
13055,4/2/2024,clothings,south,5,  ,
13056,5/21/2024,clothings,north ,2,$77.14 ,154.28
13057,1/3/2024,toys,north ,4,$161.13 ,644.52
13058,2/4/2024,Home goods,south,8,$102.17 ,817.36
13059,2/29/2024,sports,north ,10,$74.61 ,746.1
13060,1/28/2024,books,south,3,$31.25 ,93.75
13061,5/29/2024,toys,south,9,$55.15 ,496.35
13062,1/29/2024,clothings,north ,5,$158.56 ,792.8
13063,5/17/2024,books,east,8,$122.26 ,978.08
13064,3/22/2024,toys,south,6,$12.43 ,74.58
13065,3/27/2024,Home goods,north ,5,$10.93 ,54.65
13066,3/13/2024,sports,south,9,$122.30 ,1100.7
13067,1/2/2024,toys,north ,8,$52.59 ,420.72
13068,6/22/2024,Electronics,west,8,$100.57 ,804.56
13069,2/5/2024,books,north ,2,$41.95 ,83.9
13070,4/4/2024,Home goods,north ,6,$152.57 ,915.42
13071,1/24/2024,Home goods,north ,1,$55.34 ,55.34
13072,4/4/2024,clothings,east,9, Thirty ,
13073,1/15/2024,toys,south,9,$61.54 ,553.86
13074,5/12/2024,Electronics,east,1,$143.04 ,143.04
13075,1/20/2024,clothings,south,2,$179.42 ,358.84
13076,5/23/2024,books,west,5,$16.44 ,82.2
13077,2/26/2024,sports,south,3,$188.75 ,566.25
13078,3/17/2024,clothings,west,3,$145.95 ,437.85
13079,4/25/2024,books,north ,3,$127.16 ,381.48
13080,3/30/2024,clothings,south,5,$170.61 ,853.05
13081,1/3/2024,clothings,west,3,$95.08 ,285.24
13082,3/15/2024,clothings,west,10,$68.26 ,682.6
13083,1/30/2024,sports,west,2,$90.55 ,181.1
13084,6/26/2024,toys,north ,9,$158.34 ,1425.06
13085,1/4/2024,toys,north ,2,$16.61 ,33.22
13086,4/19/2024,clothings,south,,$141.03 ,
13087,2/19/2024,Home goods,south,9,$83.70 ,753.3
13088,6/8/2024,books,south,1,$72.95 ,72.95
13089,6/25/2024,Electronics,west,2,$121.09 ,242.18
13090,4/9/2024,books,west,3,$167.95 ,503.85
13091,2/1/2024,books,west,5,$57.33 ,286.65
13092,2/2/2024,clothings,south,1,$169.34 ,169.34
13093,1/25/2024,books,west,5,$162.74 ,813.7
13094,1/6/2024,Home goods,north ,6,$87.32 ,523.92
13095,5/8/2024,Electronics,east,7,$98.48 ,689.36
13096,6/1/2024,toys,south,3,$88.85 ,266.55
13097,6/16/2024,sports,west,10,$162.46 ,1624.6
13098,5/11/2024,clothings,east,6,$14.36 ,86.16
13099,3/10/2024,Home goods,east,10,$24.75 ,247.5
13100,3/23/2024,Electronics,east,3,$93.23 ,279.69
13101,6/15/2024,Home goods,east,5,$139.28 ,696.4
13102,2/7/2024,Home goods,south,9,$188.52 ,1696.68
13103,4/17/2024,Electronics,south,1,$84.45 ,84.45
13104,4/18/2024,clothings,east,9,$76.32 ,686.88
13105,5/16/2024,books,west,9,$30.53 ,274.77
13106,2/12/2024,clothings,north ,3,$81.81 ,245.43
13107,5/31/2024,Electronics,east,8,$45.96 ,367.68
13108,4/16/2024,books,north ,5,$63.43 ,317.15
13109,6/4/2024,sports,north ,4,$189.40 ,757.6
13110,3/22/2024,Electronics,north ,5,$83.10 ,415.5
13111,5/5/2024,toys,north ,10,$91.17 ,911.7
13112,3/16/2024,toys,north ,1,$168.95 ,168.95
13113,4/1/2024,toys,west,9,$54.44 ,489.96
13114,6/16/2024,toys,south,6,$97.21 ,583.26
13115,6/5/2024,clothings,south,3,$143.27 ,429.81
13116,3/26/2024,Home goods,east,6,$24.86 ,149.16
13117,4/1/2024,clothings,south,9,$90.45 ,814.05
13118,4/14/2024,toys,east,4,$78.49 ,313.96
13119,2/8/2024,sports,east,1,$190.34 ,190.34
13120,3/7/2024,clothings,east,4, Thirty ,
13121,2/10/2024,Electronics,west,6,$54.50 ,327
13122,4/15/2024,clothings,south,7,$197.10 ,1379.7
13123,6/17/2024,Electronics,north ,10,$85.49 ,854.9
13124,5/1/2024,Electronics,south,8,$57.84 ,462.72
13125,6/6/2024,Home goods,north ,10,$80.15 ,801.5
13126,5/23/2024,toys,west,1,$139.96 ,139.96
13127,2/10/2024,books,west,3,$141.05 ,423.15
13128,6/18/2024,clothings,east,1,$27.25 ,27.25
13129,6/15/2024,Electronics,east,2,$34.64 ,69.28
13130,3/16/2024,Electronics,south,9,$60.76 ,546.84
13131,6/20/2024,Home goods,east,9,$95.48 ,859.32
13132,2/7/2024,Electronics,south,5,$198.94 ,994.7
13133,2/14/2024,sports,west,8,$137.21 ,1097.68
13134,4/28/2024,clothings,south,4,$183.85 ,735.4
13135,2/10/2024,Home goods,west,9,$87.80 ,790.2
13136,2/14/2024,books,west,2,$183.97 ,367.94
13137,6/18/2024,books,north ,9,$105.79 ,952.11
13138,4/18/2024,sports,north ,3,$91.37 ,274.11
13139,1/15/2024,Home goods,north ,6,$73.48 ,440.88
13140,4/1/2024,books,north ,1,$186.21 ,186.21
13141,2/16/2024,sports,east,10,$61.45 ,614.5
13142,3/23/2024,books,west,8,$121.71 ,973.68
13143,6/24/2024,clothings,west,3,$155.07 ,465.21
13144,6/22/2024,toys,west,2,$56.64 ,113.28
13145,1/10/2024,clothings,south,10,$118.47 ,1184.7
13146,4/9/2024,books,west,3,$135.00 ,405
13147,6/8/2024,Electronics,west,8,$16.04 ,128.32
13148,1/30/2024,toys,east,10,$48.25 ,482.5
13149,3/30/2024,clothings,south,8,$92.22 ,737.76
13150,3/18/2024,Home goods,east,9,$155.47 ,1399.23
13151,3/2/2024,clothings,east,10,$160.49 ,1604.9
13152,1/7/2024,toys,east,4,$161.05 ,644.2
13153,5/24/2024,Electronics,south,4,$152.91 ,611.64
13154,3/20/2024,Electronics,south,9,$117.45 ,1057.05
13155,6/25/2024,Electronics,south,7,$154.26 ,1079.82
13156,6/9/2024,sports,west,4,$183.51 ,734.04
13157,5/31/2024,clothings,east,6,$53.24 ,319.44
13158,1/10/2024,Home goods,south,5,$134.81 ,674.05
13159,2/24/2024,clothings,north ,8,$10.55 ,84.4
13160,3/14/2024,Home goods,north ,,$74.29 ,
13161,6/12/2024,clothings,south,2,$179.85 ,359.7
13162,5/24/2024,books,west,5,$58.83 ,294.15
13163,6/18/2024,clothings,north ,4,$161.56 ,646.24
13164,6/3/2024,Home goods,south,3,$78.67 ,236.01
13165,3/3/2024,books,west,2,$54.90 ,109.8
13166,5/19/2024,Electronics,west,10,$109.11 ,1091.1
13167,4/19/2024,toys,west,2,$155.64 ,311.28
13168,1/4/2024,sports,south,10,$20.18 ,201.8
13169,2/11/2024,sports,east,3,$50.95 ,152.85
13170,3/15/2024,sports,north ,,$68.43 ,
13171,6/1/2024,clothings,east,5,$168.59 ,842.95
13172,3/6/2024,clothings,east,9,$141.26 ,1271.34
13173,5/6/2024,clothings,east,5,$197.26 ,986.3
13174,2/18/2024,Home goods,west,1,$21.40 ,21.4
13175,5/14/2024,toys,west,8, Thirty ,
13176,2/9/2024,Home goods,west,6,$146.33 ,877.98
13177,3/2/2024,sports,north ,4,$124.01 ,496.04
13178,2/28/2024,Electronics,north ,2,$144.38 ,288.76
13179,5/2/2024,Home goods,south,7,$164.77 ,1153.39
13180,6/18/2024,sports,north ,9,$96.30 ,866.7
13181,6/2/2024,toys,south,8,$33.44 ,267.52
13182,3/28/2024,books,north ,9,$130.06 ,1170.54
13183,3/29/2024,Electronics,east,1,$112.68 ,112.68
13184,6/1/2024,clothings,east,2,$47.49 ,94.98
13185,4/5/2024,books,north ,7,$13.41 ,93.87
13186,5/26/2024,books,north ,1,$55.36 ,55.36
13187,4/29/2024,books,south,10,$76.74 ,767.4
13188,4/10/2024,Electronics,west,1,$56.32 ,56.32
13189,2/21/2024,toys,north ,3,$153.66 ,460.98
13190,2/28/2024,toys,east,9,$167.00 ,1503
13191,1/22/2024,toys,south,4,$69.52 ,278.08
13192,4/18/2024,sports,south,7,$112.00 ,784
13193,2/12/2024,Home goods,east,6,$30.56 ,183.36
13194,5/6/2024,Electronics,south,9,$175.41 ,1578.69
13195,3/7/2024,sports,west,10,$28.41 ,284.1
13196,1/30/2024,Home goods,north ,3,$41.25 ,123.75
13197,3/17/2024,books,west,7,$17.10 ,119.7
13198,5/31/2024,clothings,east,,$153.54 ,
13199,6/6/2024,clothings,west,4,$42.82 ,171.28
13200,5/6/2024,Home goods,east,8,$14.93 ,119.44
13201,4/28/2024,toys,south,7,$50.32 ,352.24
13202,3/1/2024,clothings,south,2,$163.15 ,326.3
13203,2/6/2024,Home goods,north ,,$166.82 ,
13204,6/8/2024,Electronics,south,3,$35.26 ,105.78
13205,6/8/2024,clothings,west,3,$193.20 ,579.6
13206,5/21/2024,toys,south,8,$132.98 ,1063.84
13207,4/7/2024,clothings,east,7,$60.45 ,423.15
13208,1/13/2024,books,west,9,$165.23 ,1487.07
13209,1/17/2024,Home goods,east,7,$86.40 ,604.8
13210,6/20/2024,sports,south,4,$81.28 ,325.12
13211,4/10/2024,books,east,4,$104.64 ,418.56
13212,6/4/2024,clothings,north ,,$182.52 ,
13213,2/21/2024,clothings,south,7,$72.55 ,507.85
13214,1/9/2024,clothings,north ,7,$100.86 ,706.02
13215,3/22/2024,Electronics,east,7,$145.64 ,1019.48
13216,4/7/2024,Electronics,west,3,$101.80 ,305.4
13217,6/13/2024,Home goods,north ,5,$63.95 ,319.75
13218,6/28/2024,Electronics,east,2,$46.07 ,92.14
13219,1/7/2024,books,south,2,$152.48 ,304.96
13220,1/22/2024,Home goods,north ,5,$106.42 ,532.1
13221,5/23/2024,Home goods,north ,5,$17.40 ,87
13222,6/28/2024,Home goods,east,2,$108.60 ,217.2
13223,1/15/2024,sports,south,10,$49.52 ,495.2
13224,4/1/2024,Electronics,south,9,$10.78 ,97.02
13225,3/19/2024,sports,south,5,$175.36 ,876.8
13226,3/5/2024,books,north ,1,$61.48 ,61.48
13227,5/16/2024,books,south,4,$190.11 ,760.44
13228,3/3/2024,Electronics,east,6,$57.51 ,345.06
13229,5/7/2024,Home goods,south,1,$32.27 ,32.27
13230,5/16/2024,sports,south,6,$60.34 ,362.04
13231,2/17/2024,toys,south,9,$28.65 ,257.85
13232,4/14/2024,toys,west,8,$49.75 ,398
13233,5/8/2024,toys,south,10,$159.62 ,1596.2
13234,3/26/2024,Home goods,west,3,$149.37 ,448.11
13235,4/1/2024,Home goods,south,8, Thirty ,
13236,5/28/2024,books,south,4,$72.77 ,291.08
13237,1/9/2024,toys,south,9,$109.51 ,985.59
13238,2/20/2024,Electronics,north ,3,$51.91 ,155.73
13239,2/20/2024,books,west,6,$185.62 ,1113.72
13240,6/8/2024,Home goods,east,1,$164.11 ,164.11
13241,4/1/2024,sports,west,1,$145.09 ,145.09
13242,2/8/2024,Electronics,south,3,$183.50 ,550.5
13243,3/10/2024,Electronics,east,4,$62.98 ,251.92
13244,4/24/2024,Home goods,south,8,$67.11 ,536.88
13245,1/26/2024,toys,west,4,$163.05 ,652.2
13246,2/26/2024,Electronics,east,6,$141.24 ,847.44
13247,4/4/2024,books,north ,7,$50.85 ,355.95
13248,3/3/2024,Home goods,west,5,$162.10 ,810.5
13249,2/9/2024,sports,west,,$92.08 ,
13250,1/8/2024,Home goods,west,4,$103.44 ,413.76
13251,3/7/2024,books,south,10,$115.01 ,1150.1
13252,5/28/2024,clothings,east,2,$148.77 ,297.54
13253,4/15/2024,books,east,7,$116.51 ,815.57
13254,2/18/2024,Electronics,north ,3,$100.15 ,300.45
13255,6/11/2024,Electronics,north ,,$47.06 ,
13256,3/4/2024,Electronics,south,1,$39.94 ,39.94
13257,5/5/2024,sports,west,9,$59.56 ,536.04
13258,4/12/2024,books,west,5,$52.58 ,262.9
13259,3/25/2024,clothings,west,7,$154.52 ,1081.64
13260,5/19/2024,Electronics,north ,4,$133.55 ,534.2
13261,1/3/2024,sports,north ,6, Thirty ,
13262,6/30/2024,Electronics,north ,2,$107.05 ,214.1
13263,6/11/2024,clothings,north ,5,  ,
13264,1/6/2024,sports,west,4,$144.44 ,577.76
13265,5/10/2024,clothings,east,9,$129.30 ,1163.7
13266,4/16/2024,books,north ,7, Thirty ,
13267,1/20/2024,toys,west,,$163.25 ,
13268,4/2/2024,books,north ,8,$53.84 ,430.72
13269,1/30/2024,sports,east,1,$140.98 ,140.98
13270,1/23/2024,clothings,east,8,$13.25 ,106
13271,2/26/2024,books,south,4,$192.95 ,771.8
13272,6/29/2024,sports,north ,2,$171.78 ,343.56
13273,3/23/2024,sports,east,9,$74.84 ,673.56
13274,6/4/2024,sports,east,5,$35.57 ,177.85
13275,2/17/2024,sports,east,7,$177.78 ,1244.46
13276,4/4/2024,Home goods,west,4,$37.79 ,151.16
13277,4/8/2024,books,west,5,$166.89 ,834.45
13278,1/31/2024,sports,east,3,$193.14 ,579.42
13279,4/30/2024,clothings,south,10,$38.99 ,389.9
13280,6/18/2024,sports,east,7,$20.12 ,140.84
13281,4/1/2024,toys,north ,4,$52.16 ,208.64
13282,5/7/2024,sports,south,6,$25.77 ,154.62
13283,3/31/2024,books,west,5,$121.13 ,605.65
13284,5/20/2024,books,north ,8,$59.63 ,477.04
13285,1/11/2024,Electronics,east,,$155.97 ,
13286,3/21/2024,toys,north ,2,$48.96 ,97.92
13287,1/1/2024,Home goods,north ,2,$54.88 ,109.76
13288,1/30/2024,clothings,north ,7,$56.48 ,395.36
13289,5/17/2024,books,west,1,$164.95 ,164.95
13290,6/22/2024,sports,west,4,$195.78 ,783.12
13291,5/12/2024,toys,north ,10,$143.14 ,1431.4
13292,1/30/2024,toys,west,4,$58.85 ,235.4
13293,4/22/2024,sports,south,8,$178.15 ,1425.2
13294,3/4/2024,Home goods,east,8,$35.27 ,282.16
13295,5/27/2024,books,north ,1,$193.88 ,193.88
13296,5/25/2024,Electronics,west,6,$94.30 ,565.8
13297,3/21/2024,sports,west,5,$189.62 ,948.1
13298,4/15/2024,sports,north ,8,$69.01 ,552.08
13299,6/13/2024,sports,north ,3,$157.96 ,473.88
13300,2/16/2024,sports,west,5,$126.84 ,634.2
13301,5/9/2024,sports,west,8,$196.46 ,1571.68
13302,2/1/2024,toys,east,9,$63.64 ,572.76
13303,5/31/2024,Electronics,north ,2,$131.58 ,263.16
13304,2/28/2024,Home goods,north ,6,$143.65 ,861.9
13305,6/6/2024,Home goods,south,9,$167.02 ,1503.18
13306,6/13/2024,clothings,west,1,$179.77 ,179.77
13307,1/17/2024,Home goods,south,9,$13.88 ,124.92
13308,6/10/2024,Electronics,south,8,$109.83 ,878.64
13309,3/16/2024,sports,east,2,$152.74 ,305.48
13310,1/23/2024,Electronics,north ,9,$120.72 ,1086.48
13311,4/13/2024,Electronics,south,,$181.89 ,
13312,6/20/2024,sports,east,,  ,
13313,5/24/2024,Electronics,south,6,$71.89 ,431.34
13314,1/27/2024,Home goods,north ,5,$189.12 ,945.6
13315,3/15/2024,Electronics,south,4,$159.72 ,638.88
13316,1/5/2024,toys,east,10,$117.70 ,1177
13317,1/5/2024,Electronics,north ,3,$77.70 ,233.1
13318,4/20/2024,toys,east,3,$70.59 ,211.77
13319,5/28/2024,toys,north ,10,$62.03 ,620.3
13320,5/20/2024,Home goods,west,6,$174.10 ,1044.6
13321,6/18/2024,toys,east,10, Thirty ,
13322,4/27/2024,clothings,south,4,$126.41 ,505.64
13323,5/12/2024,Electronics,west,9,$108.58 ,977.22
13324,1/18/2024,Home goods,north ,8,$160.02 ,1280.16
13325,4/28/2024,toys,north ,7,$154.93 ,1084.51
13326,3/18/2024,Electronics,east,2,$157.23 ,314.46
13327,6/19/2024,clothings,west,1,$87.39 ,87.39
13328,4/29/2024,Home goods,west,5,$157.22 ,786.1
13329,4/3/2024,Home goods,south,7,$163.69 ,1145.83
13330,3/9/2024,Home goods,east,5,$175.92 ,879.6
13331,3/25/2024,sports,south,1,$48.34 ,48.34
13332,6/2/2024,Electronics,south,8,$139.54 ,1116.32
13333,4/18/2024,clothings,west,10,$164.90 ,1649
13334,6/4/2024,clothings,west,1,$39.42 ,39.42
13335,2/23/2024,Electronics,south,6,$148.23 ,889.38
13336,4/19/2024,Electronics,north ,1,$91.42 ,91.42
13337,6/27/2024,sports,east,1,$188.85 ,188.85
13338,1/6/2024,books,south,9,$163.89 ,1475.01
13339,6/22/2024,clothings,west,3,$29.18 ,87.54
13340,4/30/2024,sports,south,8,$19.35 ,154.8
13341,2/22/2024,Electronics,south,1,$68.71 ,68.71
13342,1/1/2024,sports,south,3,$23.96 ,71.88
13343,6/27/2024,sports,west,6,$30.98 ,185.88
13344,5/12/2024,toys,east,9,$31.10 ,279.9
13345,3/1/2024,toys,north ,9,$10.59 ,95.31
13346,5/10/2024,Home goods,south,5,$34.32 ,171.6
13347,3/28/2024,sports,north ,10,$85.51 ,855.1
13348,2/18/2024,books,south,7,$55.02 ,385.14
13349,3/2/2024,clothings,west,7,$130.91 ,916.37
13350,4/26/2024,sports,north ,9,$93.78 ,844.02
13351,1/29/2024,Electronics,north ,2,$33.28 ,66.56
13352,6/17/2024,books,north ,10,$81.37 ,813.7
13353,6/22/2024,Home goods,south,5,$58.80 ,294
13354,6/10/2024,Home goods,east,7,$121.75 ,852.25
13355,4/19/2024,books,west,8,  ,
13356,3/29/2024,clothings,south,,$47.06 ,
13357,2/16/2024,sports,north ,8,$124.73 ,997.84
13358,6/22/2024,sports,west,6,$49.84 ,299.04
13359,2/25/2024,sports,east,1,$60.85 ,60.85
13360,5/23/2024,sports,south,4,$113.22 ,452.88
13361,5/22/2024,toys,west,6,$10.06 ,60.36
13362,4/10/2024,sports,west,4,$191.31 ,765.24
13363,1/12/2024,Electronics,north ,8,$19.88 ,159.04
13364,6/20/2024,sports,north ,7,$168.98 ,1182.86
13365,3/12/2024,books,south,9,$180.33 ,1622.97
13366,3/22/2024,clothings,north ,8,$151.21 ,1209.68
13367,1/17/2024,books,east,8,$54.53 ,436.24
13368,5/31/2024,Home goods,north ,2,$31.64 ,63.28
13369,3/7/2024,toys,west,4,$172.72 ,690.88
13370,4/4/2024,clothings,east,4,$110.55 ,442.2
13371,5/29/2024,Electronics,south,1,$172.04 ,172.04
13372,6/29/2024,clothings,west,3,$47.76 ,143.28
13373,5/25/2024,clothings,west,8,$163.05 ,1304.4
13374,3/16/2024,toys,south,6,$134.97 ,809.82
13375,6/16/2024,Electronics,east,10,$118.05 ,1180.5
13376,5/29/2024,books,east,4,$130.34 ,521.36
13377,4/10/2024,clothings,west,6,$198.18 ,1189.08
13378,4/24/2024,Electronics,east,2,$26.27 ,52.54
13379,1/26/2024,Home goods,south,3,$70.87 ,212.61
13380,4/16/2024,books,east,2,$149.36 ,298.72
13381,5/30/2024,sports,east,5,$105.75 ,528.75
13382,3/1/2024,sports,west,2,$48.60 ,97.2
13383,4/3/2024,Home goods,north ,10,$174.84 ,1748.4
13384,1/15/2024,Home goods,east,2,$159.28 ,318.56
13385,5/11/2024,Home goods,south,1,$176.62 ,176.62
13386,4/7/2024,Electronics,south,2,$25.39 ,50.78
13387,4/20/2024,clothings,north ,7,$165.56 ,1158.92
13388,1/10/2024,books,north ,3,$94.93 ,284.79
13389,1/14/2024,sports,south,5,$11.27 ,56.35
13390,5/8/2024,clothings,east,6,$95.08 ,570.48
13391,2/22/2024,sports,west,10,$169.18 ,1691.8
13392,1/4/2024,Home goods,south,10,$66.29 ,662.9
13393,3/10/2024,sports,south,6, Thirty ,
13394,5/28/2024,Home goods,west,2,$137.61 ,275.22
13395,3/17/2024,books,west,7,$75.57 ,528.99
13396,4/13/2024,clothings,south,3,$53.01 ,159.03
13397,5/1/2024,Electronics,north ,,$109.54 ,
13398,2/15/2024,Electronics,east,7,$32.71 ,228.97
13399,2/29/2024,toys,south,9, Thirty ,
13400,3/8/2024,books,south,6,$58.40 ,350.4
13401,4/22/2024,sports,north ,3,$166.87 ,500.61
13402,4/13/2024,clothings,south,5,$63.96 ,319.8
13403,2/5/2024,sports,west,1,$94.89 ,94.89
13404,1/31/2024,Home goods,north ,4,$80.14 ,320.56
13405,4/24/2024,books,south,7,$163.06 ,1141.42
13406,1/29/2024,books,south,4,$177.34 ,709.36
13407,6/20/2024,toys,south,7,$188.44 ,1319.08
13408,4/12/2024,Home goods,south,5,$125.10 ,625.5
13409,4/19/2024,Electronics,north ,3,$88.93 ,266.79
13410,3/13/2024,Home goods,north ,7,$57.75 ,404.25
13411,6/9/2024,sports,west,5,$162.55 ,812.75
13412,1/5/2024,Electronics,west,9,$167.88 ,1510.92
13413,5/15/2024,Electronics,north ,4,$135.92 ,543.68
13414,5/7/2024,Home goods,north ,3,$152.13 ,456.39
13415,4/14/2024,toys,east,4,$154.35 ,617.4
13416,5/6/2024,books,south,9,$88.37 ,795.33
13417,2/27/2024,clothings,south,1,$175.06 ,175.06
13418,6/11/2024,Home goods,north ,7,$86.11 ,602.77
13419,4/30/2024,sports,west,2,$171.44 ,342.88
13420,5/12/2024,Electronics,west,4,$177.56 ,710.24
13421,4/4/2024,sports,east,3,$112.50 ,337.5
13422,2/22/2024,Electronics,south,10,$157.44 ,1574.4
13423,3/19/2024,Home goods,south,1,$45.26 ,45.26
13424,6/16/2024,Electronics,east,1,$153.92 ,153.92
13425,1/28/2024,Home goods,west,4,$53.97 ,215.88
13426,3/23/2024,Electronics,west,9,$173.20 ,1558.8
13427,2/9/2024,Home goods,north ,6,$35.80 ,214.8
13428,3/6/2024,books,south,6,$157.21 ,943.26
13429,2/20/2024,Home goods,west,1,$90.56 ,90.56
13430,1/13/2024,Electronics,east,1,$30.37 ,30.37
13431,4/4/2024,books,north ,3,$131.41 ,394.23
13432,4/29/2024,clothings,south,9,$52.19 ,469.71
13433,3/20/2024,books,north ,3,$127.77 ,383.31
13434,2/24/2024,clothings,north ,,$46.43 ,
13435,4/1/2024,toys,west,1,$117.99 ,117.99
13436,1/7/2024,Electronics,north ,3,$16.22 ,48.66
13437,5/17/2024,books,east,8,$194.77 ,1558.16
13438,4/2/2024,sports,north ,7,$159.77 ,1118.39
13439,4/22/2024,toys,north ,2,$39.48 ,78.96
13440,3/26/2024,toys,north ,9,  ,
13441,3/14/2024,Electronics,west,6,$174.37 ,1046.22
13442,2/1/2024,toys,west,,$134.28 ,
13443,6/6/2024,Home goods,north ,4,$94.00 ,376
13444,1/7/2024,Electronics,south,2,$33.25 ,66.5
13445,5/8/2024,sports,north ,,$141.90 ,
13446,1/6/2024,sports,west,10,$51.63 ,516.3
13447,6/19/2024,sports,north ,5,  ,
13448,6/25/2024,books,east,6,$68.02 ,408.12
13449,6/18/2024,clothings,west,5,$177.52 ,887.6
13450,6/2/2024,sports,north ,10,$19.43 ,194.3
13451,5/3/2024,toys,north ,6,$127.34 ,764.04
13452,4/29/2024,clothings,east,8,$113.24 ,905.92
13453,4/18/2024,books,east,7,$55.44 ,388.08
13454,1/15/2024,sports,north ,,$124.73 ,
13455,2/8/2024,Home goods,west,4,$176.04 ,704.16
13456,1/14/2024,books,east,7,$41.72 ,292.04
13457,5/21/2024,toys,east,3,$157.48 ,472.44
13458,5/15/2024,clothings,south,6,$34.71 ,208.26
13459,2/1/2024,Electronics,north ,2,$105.23 ,210.46
13460,1/8/2024,books,south,5,$58.12 ,290.6
13461,6/15/2024,toys,north ,3,$191.13 ,573.39
13462,5/17/2024,sports,south,2,$26.12 ,52.24
13463,3/28/2024,toys,east,1,$57.81 ,57.81
13464,6/26/2024,toys,north ,1,$20.31 ,20.31
13465,3/15/2024,toys,west,1,  ,
13466,5/4/2024,Electronics,south,6,$120.36 ,722.16
13467,2/19/2024,Electronics,north ,6,$177.25 ,1063.5
13468,4/11/2024,sports,north ,,$47.96 ,
13469,3/18/2024,toys,south,6,$60.82 ,364.92
13470,4/30/2024,Electronics,south,4,$59.80 ,239.2
13471,1/4/2024,toys,north ,6,$163.91 ,983.46
13472,6/30/2024,sports,west,5,$185.01 ,925.05
13473,2/3/2024,books,south,4,$89.31 ,357.24
13474,1/23/2024,toys,north ,2,$141.04 ,282.08
13475,6/12/2024,sports,west,10,$44.54 ,445.4
13476,4/24/2024,clothings,west,5,$59.16 ,295.8
13477,6/13/2024,clothings,south,1,$110.92 ,110.92
13478,4/18/2024,sports,east,3,$69.24 ,207.72
13479,3/30/2024,sports,east,7,$134.29 ,940.03
13480,5/4/2024,Electronics,east,10,$171.18 ,1711.8
13481,1/21/2024,toys,east,1,$184.90 ,184.9
13482,4/28/2024,Electronics,south,10,$169.45 ,1694.5
13483,2/23/2024,Home goods,north ,7,$173.24 ,1212.68
13484,5/18/2024,Home goods,east,7,$64.52 ,451.64
13485,5/13/2024,books,south,6,$194.73 ,1168.38
13486,4/24/2024,Home goods,north ,5,$37.57 ,187.85
13487,5/23/2024,Home goods,north ,6,$71.43 ,428.58
13488,5/21/2024,books,south,4,$16.62 ,66.48
13489,4/13/2024,books,east,6,  ,
13490,5/14/2024,clothings,north ,3,$137.85 ,413.55
13491,1/21/2024,sports,east,9,$76.42 ,687.78
13492,3/21/2024,Electronics,south,9,$28.04 ,252.36
13493,6/4/2024,sports,north ,3,$89.69 ,269.07
13494,4/14/2024,books,east,5,$135.35 ,676.75
13495,6/23/2024,sports,west,,$79.17 ,
13496,4/28/2024,clothings,south,1,$188.17 ,188.17
13497,3/18/2024,clothings,west,6,$53.43 ,320.58
13498,6/22/2024,Home goods,east,5,  ,
13499,6/12/2024,sports,east,2,  ,
13500,3/4/2024,Electronics,north ,,$65.21 ,
13501,1/31/2024,books,north ,4,$85.76 ,343.04
13502,4/15/2024,toys,north ,6,$156.71 ,940.26
13503,4/4/2024,books,east,10,$99.57 ,995.7
13504,4/8/2024,clothings,west,1,$75.41 ,75.41
13505,4/20/2024,toys,east,1,$114.63 ,114.63
13506,1/17/2024,toys,north ,4,$181.84 ,727.36
13507,1/31/2024,toys,south,10,$115.10 ,1151
13508,4/4/2024,Home goods,south,6,$124.50 ,747
13509,2/18/2024,Home goods,east,7,$173.60 ,1215.2
13510,6/25/2024,clothings,south,2,$17.91 ,35.82
13511,5/12/2024,sports,south,9,$97.61 ,878.49
13512,4/1/2024,Electronics,north ,7,$136.31 ,954.17
13513,1/4/2024,Home goods,north ,3,$154.19 ,462.57
13514,1/18/2024,Home goods,west,7,$173.74 ,1216.18
13515,4/11/2024,Home goods,west,6, Thirty ,
13516,5/28/2024,clothings,north ,9,$118.82 ,1069.38
13517,2/3/2024,sports,south,8, Thirty ,
13518,4/26/2024,sports,north ,1,$92.87 ,92.87
13519,1/21/2024,toys,north ,3,$53.37 ,160.11
13520,2/1/2024,Electronics,west,3,$93.36 ,280.08
13521,6/30/2024,clothings,west,4,$130.99 ,523.96
13522,3/6/2024,Electronics,south,5,$111.53 ,557.65
13523,4/10/2024,Home goods,west,8,$58.32 ,466.56
13524,5/4/2024,sports,south,6,$114.01 ,684.06
13525,5/14/2024,sports,east,6,$168.17 ,1009.02
13526,5/10/2024,toys,south,7,$18.33 ,128.31
13527,5/9/2024,Home goods,west,2,$127.72 ,255.44
13528,1/21/2024,sports,north ,3,$23.44 ,70.32
13529,3/19/2024,Electronics,north ,10,$31.56 ,315.6
13530,1/15/2024,clothings,north ,2,$153.63 ,307.26
13531,5/2/2024,sports,east,5,$163.72 ,818.6
13532,3/25/2024,Home goods,west,10,$33.26 ,332.6
13533,6/19/2024,books,south,10,$45.50 ,455
13534,2/1/2024,toys,north ,10,$197.76 ,1977.6
13535,1/19/2024,Electronics,north ,10,$56.17 ,561.7
13536,5/4/2024,toys,south,10,  ,
13537,1/28/2024,Home goods,west,6,$10.40 ,62.4
13538,2/6/2024,toys,south,2,$96.24 ,192.48
13539,2/15/2024,sports,north ,6,$28.48 ,170.88
13540,6/22/2024,sports,east,10,$64.32 ,643.2
13541,4/14/2024,sports,west,1,$193.85 ,193.85
13542,1/5/2024,Electronics,north ,10,$164.94 ,1649.4
13543,1/26/2024,Electronics,north ,7,$21.69 ,151.83
13544,5/30/2024,toys,south,2,$104.48 ,208.96
13545,2/1/2024,Electronics,south,9,$84.74 ,762.66
13546,6/5/2024,clothings,east,7,$154.36 ,1080.52
13547,6/7/2024,sports,north ,2,$17.90 ,35.8
13548,5/1/2024,books,east,8,$68.79 ,550.32
13549,6/27/2024,Electronics,south,4,$127.96 ,511.84
13550,2/9/2024,books,east,8,  ,
13551,1/3/2024,books,south,3,$183.20 ,549.6
13552,3/22/2024,Electronics,north ,3,$95.27 ,285.81
13553,4/7/2024,sports,south,,$64.79 ,
13554,3/3/2024,toys,east,3,$145.45 ,436.35
13555,5/31/2024,toys,east,6,$85.43 ,512.58
13556,3/21/2024,Electronics,south,5,$195.69 ,978.45
13557,5/30/2024,Electronics,east,1,$63.34 ,63.34
13558,1/17/2024,Home goods,north ,10,$126.48 ,1264.8
13559,1/22/2024,books,west,8,$67.60 ,540.8
13560,5/31/2024,sports,east,6,$198.12 ,1188.72
13561,6/15/2024,books,east,5,$121.02 ,605.1
13562,1/26/2024,Home goods,east,8,$89.83 ,718.64
13563,3/23/2024,Home goods,south,9,$86.22 ,775.98
13564,3/7/2024,sports,east,8,$195.40 ,1563.2
13565,1/1/2024,sports,north ,2,$111.03 ,222.06
13566,3/29/2024,sports,west,6,$193.07 ,1158.42
13567,1/28/2024,sports,north ,3,$107.91 ,323.73
13568,3/26/2024,Home goods,south,8,$113.11 ,904.88
13569,4/10/2024,Electronics,north ,7,$133.97 ,937.79
13570,1/31/2024,sports,south,3,$100.70 ,302.1
13571,2/10/2024,clothings,south,1,$44.06 ,44.06
13572,1/8/2024,books,west,10,$25.75 ,257.5
13573,3/22/2024,clothings,south,6,$90.34 ,542.04
13574,2/14/2024,books,east,3,$92.23 ,276.69
13575,2/29/2024,sports,east,2,$196.26 ,392.52
13576,6/6/2024,Electronics,south,2,$80.67 ,161.34
13577,6/6/2024,toys,east,5,$107.85 ,539.25
13578,2/6/2024,Electronics,north ,5,$121.34 ,606.7
13579,6/16/2024,books,east,1,$86.93 ,86.93
13580,1/19/2024,clothings,east,9,$158.86 ,1429.74
13581,1/8/2024,clothings,south,10,$30.69 ,306.9
13582,5/26/2024,toys,north ,10,$75.90 ,759
13583,2/18/2024,sports,south,3,$108.96 ,326.88
13584,5/19/2024,books,west,7,$182.24 ,1275.68
13585,3/30/2024,clothings,west,2,$103.71 ,207.42
13586,2/19/2024,sports,east,4,$199.56 ,798.24
13587,3/26/2024,sports,west,9,$107.58 ,968.22
13588,4/6/2024,Home goods,south,7,$24.31 ,170.17
13589,4/21/2024,sports,west,8,$126.26 ,1010.08
13590,1/26/2024,sports,north ,10,$193.28 ,1932.8
13591,1/11/2024,books,west,8,$146.52 ,1172.16
13592,1/29/2024,Electronics,east,2,$163.84 ,327.68
13593,1/8/2024,clothings,west,4,$194.81 ,779.24
13594,3/11/2024,books,west,10,$158.10 ,1581
13595,1/7/2024,sports,west,1,$109.05 ,109.05
13596,6/12/2024,Electronics,north ,5,$192.31 ,961.55
13597,4/29/2024,Electronics,east,,$116.85 ,
13598,1/3/2024,Electronics,west,9,$174.36 ,1569.24
13599,5/20/2024,Electronics,north ,7,$102.81 ,719.67
13600,2/15/2024,sports,north ,3,$92.04 ,276.12
13601,5/21/2024,toys,west,1, Thirty ,
13602,6/29/2024,Electronics,north ,2,$12.19 ,24.38
13603,5/21/2024,sports,east,7, Thirty ,
13604,6/16/2024,clothings,west,9,$102.50 ,922.5
13605,5/3/2024,books,north ,4,$151.40 ,605.6
13606,3/30/2024,books,south,4,$161.93 ,647.72
13607,5/31/2024,Home goods,north ,9,$126.87 ,1141.83
13608,4/20/2024,Home goods,west,1,$48.90 ,48.9
13609,3/14/2024,sports,west,7,$132.36 ,926.52
13610,1/10/2024,books,north ,4,$55.09 ,220.36
13611,5/23/2024,Electronics,north ,10,$76.22 ,762.2
13612,3/3/2024,Home goods,south,6,$131.05 ,786.3
13613,3/29/2024,toys,south,,$96.41 ,
13614,3/8/2024,Home goods,south,9,$91.35 ,822.15
13615,1/13/2024,clothings,west,10,$199.79 ,1997.9
13616,3/16/2024,toys,south,10,$26.13 ,261.3
13617,3/25/2024,sports,east,6,$57.16 ,342.96
13618,1/31/2024,Home goods,north ,8,$167.12 ,1336.96
13619,3/17/2024,sports,east,7,$155.43 ,1088.01
13620,6/28/2024,toys,north ,6,$156.70 ,940.2
13621,6/23/2024,sports,east,4,$71.53 ,286.12
13622,4/23/2024,books,west,5,$137.54 ,687.7
13623,5/11/2024,toys,west,10,$167.60 ,1676
13624,6/11/2024,toys,north ,6,$146.16 ,876.96
13625,6/26/2024,books,north ,9,$121.39 ,1092.51
13626,1/9/2024,toys,west,9,  ,
13627,4/16/2024,Home goods,east,7,$42.30 ,296.1
13628,2/13/2024,toys,north ,9,$91.81 ,826.29
13629,6/6/2024,Electronics,north ,4,$81.89 ,327.56
13630,4/15/2024,books,north ,9,$55.59 ,500.31
13631,4/8/2024,books,east,10,$177.46 ,1774.6
13632,3/6/2024,toys,south,6,$21.94 ,131.64
13633,5/31/2024,toys,north ,8,$87.52 ,700.16
13634,2/18/2024,Home goods,north ,1,$108.33 ,108.33
13635,6/11/2024,toys,south,3,$150.32 ,450.96
13636,2/9/2024,books,south,2,$67.95 ,135.9
13637,3/13/2024,sports,north ,6,$134.12 ,804.72
13638,4/26/2024,clothings,south,9,$20.52 ,184.68
13639,3/29/2024,books,east,9,$178.03 ,1602.27
13640,6/24/2024,Electronics,north ,5,$60.78 ,303.9
13641,2/3/2024,toys,north ,7,$37.45 ,262.15
13642,2/14/2024,toys,north ,,$175.01 ,
13643,6/1/2024,books,east,1,$18.44 ,18.44
13644,3/20/2024,toys,north ,2,$135.26 ,270.52
13645,2/18/2024,books,south,7,$82.03 ,574.21
13646,6/2/2024,Home goods,south,8,$148.37 ,1186.96
13647,4/22/2024,sports,west,1,$178.21 ,178.21
13648,6/28/2024,sports,north ,1,$178.27 ,178.27
13649,3/14/2024,toys,east,6,  ,
13650,3/25/2024,Electronics,west,8,$20.81 ,166.48
13651,1/29/2024,Home goods,south,1,$82.42 ,82.42
13652,1/14/2024,sports,north ,8,$32.38 ,259.04
13653,3/22/2024,Home goods,west,4,$150.74 ,602.96
13654,1/4/2024,sports,east,2,$181.61 ,363.22
13655,5/4/2024,Home goods,east,10,$42.66 ,426.6
13656,3/29/2024,books,south,2,$28.81 ,57.62
13657,1/7/2024,Home goods,north ,7,$83.16 ,582.12
13658,6/27/2024,Electronics,west,7,$195.10 ,1365.7
13659,5/30/2024,books,west,2,$160.24 ,320.48
13660,4/20/2024,sports,west,8,$166.75 ,1334
13661,5/10/2024,Electronics,north ,2,$69.56 ,139.12
13662,4/11/2024,Electronics,east,7,$167.58 ,1173.06
13663,4/16/2024,books,north ,9,$43.10 ,387.9
13664,2/4/2024,Home goods,east,5,$58.70 ,293.5
13665,5/22/2024,sports,east,9,$159.13 ,1432.17
13666,1/18/2024,books,south,10,$137.27 ,1372.7
13667,6/29/2024,toys,south,5,$11.55 ,57.75
13668,6/30/2024,clothings,west,6,$129.36 ,776.16
13669,4/17/2024,books,north ,6,$24.06 ,144.36
13670,5/28/2024,toys,west,2,$68.59 ,137.18
13671,6/6/2024,toys,north ,2,$78.39 ,156.78
13672,2/5/2024,Electronics,north ,6,$170.76 ,1024.56
13673,3/11/2024,toys,east,7,$79.47 ,556.29
13674,1/2/2024,clothings,north ,5,$121.15 ,605.75
13675,5/18/2024,Home goods,north ,1,$129.59 ,129.59
13676,4/16/2024,clothings,south,2,$119.44 ,238.88
13677,4/6/2024,books,east,10,$136.36 ,1363.6
13678,1/8/2024,sports,north ,3,$107.25 ,321.75
13679,2/19/2024,Electronics,east,5,$101.30 ,506.5
13680,1/17/2024,Electronics,north ,8,$129.65 ,1037.2
13681,3/29/2024,books,east,7,$178.76 ,1251.32
13682,3/7/2024,Electronics,south,3,$159.43 ,478.29
13683,5/6/2024,sports,south,9,$199.61 ,1796.49
13684,1/12/2024,clothings,west,1,$16.67 ,16.67
13685,5/14/2024,sports,south,9,$46.92 ,422.28
13686,3/2/2024,sports,east,2,$102.51 ,205.02
13687,5/9/2024,Electronics,south,9, Thirty ,
13688,4/3/2024,books,north ,,$31.48 ,
13689,6/8/2024,Home goods,south,6,$67.65 ,405.9
13690,3/29/2024,toys,east,3,$119.20 ,357.6
13691,4/8/2024,sports,west,2,$41.12 ,82.24
13692,2/12/2024,clothings,east,9,$151.81 ,1366.29
13693,2/4/2024,Home goods,south,9,$28.52 ,256.68
13694,5/14/2024,clothings,west,10,$110.42 ,1104.2
13695,3/19/2024,books,west,8,$66.38 ,531.04
13696,1/27/2024,clothings,east,10,$47.37 ,473.7
13697,4/16/2024,clothings,north ,7,$28.70 ,200.9
13698,2/6/2024,Home goods,south,5,$26.22 ,131.1
13699,2/29/2024,Home goods,north ,8,$50.51 ,404.08
13700,4/26/2024,books,east,2,$35.59 ,71.18
13701,6/25/2024,clothings,north ,1,$39.15 ,39.15
13702,3/4/2024,toys,west,8,$127.52 ,1020.16
13703,5/15/2024,books,north ,7,$24.60 ,172.2
13704,4/10/2024,Electronics,west,10,$134.65 ,1346.5
13705,1/26/2024,clothings,west,,$126.93 ,
13706,3/17/2024,clothings,south,6,$192.77 ,1156.62
13707,2/18/2024,books,north ,1,$176.99 ,176.99
13708,1/1/2024,sports,south,2,$12.07 ,24.14
13709,4/13/2024,sports,west,8,$10.85 ,86.8
13710,2/10/2024,sports,south,9,$40.59 ,365.31
13711,6/15/2024,sports,east,6,$154.81 ,928.86
13712,6/9/2024,Home goods,west,6,$14.32 ,85.92
13713,4/7/2024,toys,east,8,$178.73 ,1429.84
13714,5/6/2024,Home goods,north ,1,$130.79 ,130.79
13715,5/14/2024,books,west,3,  ,
13716,3/10/2024,sports,north ,5,$34.40 ,172
13717,1/27/2024,books,north ,7,$199.00 ,1393
13718,6/7/2024,clothings,north ,2,$59.54 ,119.08
13719,5/5/2024,toys,west,4,$49.01 ,196.04
13720,3/2/2024,Electronics,north ,6,$31.24 ,187.44
13721,6/8/2024,toys,east,7,$22.87 ,160.09
13722,6/16/2024,sports,north ,3,$164.13 ,492.39
13723,4/8/2024,Electronics,east,5,$159.55 ,797.75
13724,1/10/2024,Home goods,east,9,$87.84 ,790.56
13725,5/21/2024,Electronics,east,10,$73.91 ,739.1
13726,4/26/2024,Home goods,east,7,$129.16 ,904.12
13727,3/18/2024,books,east,9,$175.03 ,1575.27
13728,2/11/2024,books,east,5,$144.30 ,721.5
13729,5/3/2024,sports,east,3,$167.28 ,501.84
13730,6/3/2024,Home goods,south,3,$167.59 ,502.77
13731,5/29/2024,clothings,south,3,$24.70 ,74.1
13732,3/6/2024,toys,north ,7,$10.40 ,72.8
13733,6/20/2024,toys,west,9,$134.92 ,1214.28
13734,1/9/2024,Electronics,south,3,$104.46 ,313.38
13735,5/24/2024,Electronics,east,2,$139.22 ,278.44
13736,5/21/2024,Home goods,west,4,$183.44 ,733.76
13737,4/25/2024,Home goods,south,6,$188.34 ,1130.04
13738,4/27/2024,Home goods,north ,3,$192.14 ,576.42
13739,4/3/2024,toys,east,8,$32.42 ,259.36
13740,1/9/2024,Electronics,south,2,$67.05 ,134.1
13741,6/17/2024,Electronics,east,1,$42.75 ,42.75
13742,6/11/2024,books,south,7,$81.15 ,568.05
13743,4/12/2024,toys,north ,6,$65.71 ,394.26
13744,3/27/2024,clothings,east,8,$39.55 ,316.4
13745,3/14/2024,Electronics,north ,,$103.99 ,
13746,6/29/2024,Electronics,north ,10,$29.57 ,295.7
13747,3/16/2024,sports,east,5,$54.97 ,274.85
13748,4/6/2024,Home goods,south,7,$179.63 ,1257.41
13749,6/30/2024,Home goods,east,9,$14.12 ,127.08
13750,3/18/2024,Home goods,south,3,$63.44 ,190.32
13751,2/21/2024,sports,south,8,$95.96 ,767.68
13752,1/21/2024,clothings,east,2,$120.07 ,240.14
13753,3/25/2024,Electronics,north ,1,$118.62 ,118.62
13754,4/22/2024,clothings,west,9,$132.33 ,1190.97
13755,3/9/2024,toys,east,8,$153.96 ,1231.68
13756,1/9/2024,toys,south,2,$135.79 ,271.58
13757,3/2/2024,books,east,8,$178.25 ,1426
13758,5/24/2024,books,north ,6,$162.70 ,976.2
13759,1/24/2024,sports,east,5,$139.46 ,697.3
13760,1/1/2024,sports,west,10,$48.56 ,485.6
13761,1/3/2024,toys,south,6,$118.17 ,709.02
13762,3/7/2024,toys,west,6,$64.61 ,387.66
13763,6/11/2024,Home goods,north ,4,$91.78 ,367.12
13764,4/15/2024,clothings,south,2,$159.61 ,319.22
13765,2/16/2024,clothings,north ,6,$166.02 ,996.12
13766,6/13/2024,sports,east,8,$117.50 ,940
13767,5/21/2024,Electronics,west,5,$74.13 ,370.65
13768,4/7/2024,toys,south,5,$56.42 ,282.1
13769,5/24/2024,toys,north ,4,$136.77 ,547.08
13770,2/11/2024,clothings,west,7,$188.14 ,1316.98
13771,4/14/2024,clothings,west,9,$18.94 ,170.46
13772,1/7/2024,sports,west,8,$55.24 ,441.92
13773,3/31/2024,Home goods,west,10,$100.85 ,1008.5
13774,6/4/2024,sports,east,9,$182.15 ,1639.35
13775,6/5/2024,sports,south,7,$56.50 ,395.5
13776,5/18/2024,sports,north ,7,$174.91 ,1224.37
13777,3/15/2024,Electronics,south,10,$102.17 ,1021.7
13778,1/21/2024,sports,south,4,$145.29 ,581.16
13779,4/24/2024,books,west,9,$198.68 ,1788.12
13780,2/7/2024,books,west,6,$122.10 ,732.6
13781,4/28/2024,toys,west,,$191.39 ,
13782,5/1/2024,Home goods,north ,7,$28.56 ,199.92
13783,6/1/2024,Electronics,south,1,$28.73 ,28.73
13784,2/8/2024,Electronics,north ,10,$67.54 ,675.4
13785,6/28/2024,sports,north ,7,$76.75 ,537.25
13786,2/17/2024,toys,south,5,$148.45 ,742.25
13787,4/26/2024,clothings,east,8,  ,
13788,4/9/2024,Home goods,north ,4,$67.90 ,271.6
13789,5/7/2024,toys,east,7,$51.61 ,361.27
13790,3/26/2024,clothings,north ,7,$149.13 ,1043.91
13791,3/6/2024,Home goods,south,8,$119.69 ,957.52
13792,3/16/2024,toys,north ,8,$189.41 ,1515.28
13793,6/27/2024,sports,south,10,$31.39 ,313.9
13794,2/5/2024,Home goods,west,10,$12.31 ,123.1
13795,2/27/2024,books,south,5,$155.37 ,776.85
13796,3/1/2024,toys,south,6,$113.46 ,680.76
13797,1/21/2024,clothings,east,3,$141.11 ,423.33
13798,1/5/2024,Electronics,north ,6,$58.12 ,348.72
13799,2/11/2024,sports,north ,9,$147.13 ,1324.17
13800,4/11/2024,toys,east,,$133.83 ,
13801,3/9/2024,toys,east,9,$139.53 ,1255.77
13802,2/21/2024,clothings,south,1,$79.83 ,79.83
13803,3/12/2024,Electronics,south,3,$48.64 ,145.92
13804,3/25/2024,Home goods,east,6,$18.80 ,112.8
13805,5/24/2024,books,east,10,$85.03 ,850.3
13806,2/8/2024,Home goods,east,6,$56.56 ,339.36
13807,4/28/2024,Electronics,west,3,$116.10 ,348.3
13808,5/25/2024,books,south,5,$132.94 ,664.7
13809,3/11/2024,toys,north ,1,$99.48 ,99.48
13810,4/21/2024,Home goods,south,7,$171.81 ,1202.67
13811,5/20/2024,Electronics,north ,,$103.18 ,
13812,1/25/2024,sports,east,1,  ,
13813,1/11/2024,books,west,1,$125.70 ,125.7
13814,1/31/2024,Electronics,south,5,$169.47 ,847.35
13815,1/2/2024,books,west,4,$34.71 ,138.84
13816,3/27/2024,toys,east,8,$73.40 ,587.2
13817,4/28/2024,books,north ,3,$58.00 ,174
13818,5/14/2024,clothings,east,4,$157.13 ,628.52
13819,3/13/2024,toys,north ,8,$156.02 ,1248.16
13820,2/6/2024,sports,east,7,$128.26 ,897.82
13821,1/9/2024,sports,south,5,$60.57 ,302.85
13822,4/11/2024,books,south,8,$170.21 ,1361.68
13823,6/14/2024,sports,east,2,$63.79 ,127.58
13824,5/30/2024,Home goods,south,1,$130.82 ,130.82
13825,6/2/2024,sports,north ,8,$152.65 ,1221.2
13826,6/15/2024,sports,west,,$123.04 ,
13827,3/11/2024,Home goods,east,3,$91.94 ,275.82
13828,3/28/2024,books,west,3,$185.94 ,557.82
13829,1/27/2024,sports,north ,1,$48.04 ,48.04
13830,6/17/2024,Electronics,west,10,$150.43 ,1504.3
13831,1/17/2024,sports,west,4,$194.70 ,778.8
13832,3/13/2024,clothings,south,,$102.33 ,
13833,2/11/2024,Electronics,south,6,$33.09 ,198.54
13834,4/15/2024,Home goods,south,,$69.15 ,
13835,3/31/2024,clothings,west,5,$102.57 ,512.85
13836,2/14/2024,toys,west,2, Thirty ,
13837,4/17/2024,books,west,4,$62.38 ,249.52
13838,1/9/2024,Home goods,west,4,$138.11 ,552.44
13839,3/29/2024,clothings,south,,$57.01 ,
13840,5/20/2024,sports,east,8,$66.17 ,529.36
13841,4/5/2024,Home goods,north ,7,$52.51 ,367.57
13842,1/17/2024,Home goods,south,7,$140.54 ,983.78
13843,4/2/2024,Home goods,south,5,$169.31 ,846.55
13844,3/7/2024,clothings,north ,7, Thirty ,
13845,1/31/2024,clothings,north ,5,$57.09 ,285.45
13846,5/3/2024,clothings,west,,$185.69 ,
13847,6/20/2024,sports,west,9,$62.96 ,566.64
13848,5/29/2024,toys,east,6,$133.42 ,800.52
13849,6/28/2024,sports,west,1,$47.00 ,47
13850,5/16/2024,toys,south,10,$62.83 ,628.3
13851,3/22/2024,clothings,south,2,$130.17 ,260.34
13852,5/23/2024,sports,south,6,$58.01 ,348.06
13853,3/23/2024,sports,east,8,$128.83 ,1030.64
13854,1/18/2024,clothings,west,9,$18.54 ,166.86
13855,2/1/2024,sports,south,4,$38.09 ,152.36
13856,4/21/2024,sports,south,9,$102.30 ,920.7
13857,3/29/2024,toys,south,4,$31.03 ,124.12
13858,5/15/2024,Home goods,south,1,$179.92 ,179.92
13859,2/6/2024,toys,south,5,$27.81 ,139.05
13860,2/24/2024,Electronics,west,2,$147.20 ,294.4
13861,5/6/2024,Electronics,west,5,$47.97 ,239.85
13862,4/22/2024,Home goods,north ,7,$28.38 ,198.66
13863,4/19/2024,toys,east,1, Thirty ,
13864,4/28/2024,Electronics,north ,4,  ,
13865,4/5/2024,toys,north ,10,$130.78 ,1307.8
13866,4/16/2024,books,west,2,$52.56 ,105.12
13867,3/14/2024,books,east,7,$126.10 ,882.7
13868,5/24/2024,Home goods,north ,,$161.10 ,
13869,4/15/2024,sports,west,3,$33.27 ,99.81
13870,4/8/2024,Electronics,east,2,$152.34 ,304.68
13871,4/16/2024,Electronics,west,8,$187.48 ,1499.84
13872,2/8/2024,Home goods,east,5,$146.06 ,730.3
13873,3/23/2024,toys,west,,$142.83 ,
13874,1/19/2024,sports,south,7,$73.43 ,514.01
13875,1/14/2024,clothings,west,1,$85.22 ,85.22
13876,5/21/2024,books,west,4,$27.64 ,110.56
13877,6/4/2024,books,west,10,$25.46 ,254.6
13878,2/14/2024,toys,east,4,$151.18 ,604.72
13879,5/6/2024,toys,east,8,$38.03 ,304.24
13880,6/2/2024,Electronics,south,4,$61.49 ,245.96
13881,4/8/2024,sports,east,10,$10.70 ,107
13882,1/23/2024,Home goods,north ,10,$63.74 ,637.4
13883,4/14/2024,clothings,east,9,$198.29 ,1784.61
13884,5/9/2024,toys,east,10,$180.84 ,1808.4
13885,3/10/2024,Home goods,east,1,$40.04 ,40.04
13886,2/12/2024,Electronics,south,2,$118.71 ,237.42
13887,6/22/2024,Electronics,east,2,  ,
13888,6/16/2024,clothings,west,2,$35.50 ,71
13889,5/24/2024,clothings,east,6,$87.22 ,523.32
13890,2/1/2024,sports,south,4,$102.98 ,411.92
13891,3/30/2024,Home goods,south,,$47.08 ,
13892,1/2/2024,clothings,west,6,$14.63 ,87.78
13893,5/21/2024,Electronics,north ,2,$167.33 ,334.66
13894,2/3/2024,Home goods,west,1,$190.23 ,190.23
13895,3/15/2024,books,west,1,$85.60 ,85.6
13896,6/17/2024,sports,west,5,$38.10 ,190.5
13897,2/16/2024,books,west,9,$163.63 ,1472.67
13898,6/30/2024,books,north ,5,$56.84 ,284.2
13899,3/22/2024,books,west,2,$160.76 ,321.52
13900,4/6/2024,toys,north ,2,$153.39 ,306.78
13901,4/23/2024,books,east,1,$101.34 ,101.34
13902,3/11/2024,Home goods,north ,9,$57.90 ,521.1
13903,4/24/2024,books,east,4,$149.78 ,599.12
13904,5/17/2024,clothings,east,2,$26.74 ,53.48
13905,3/31/2024,Home goods,north ,6,$60.31 ,361.86
13906,1/22/2024,books,west,7,$59.76 ,418.32
13907,5/11/2024,books,west,5,$125.63 ,628.15
13908,2/22/2024,toys,south,8,$23.68 ,189.44
13909,5/13/2024,books,north ,9,$115.70 ,1041.3
13910,6/23/2024,Home goods,north ,2,$131.67 ,263.34
13911,1/9/2024,Home goods,north ,1,$136.34 ,136.34
13912,6/7/2024,sports,south,8,$155.07 ,1240.56
13913,6/29/2024,books,west,4,$65.30 ,261.2
13914,2/20/2024,books,south,4,$22.67 ,90.68
13915,2/11/2024,Electronics,west,10,$13.59 ,135.9
13916,4/29/2024,toys,west,3, Thirty ,
13917,1/22/2024,books,north ,2,$61.23 ,122.46
13918,2/17/2024,Home goods,west,10,$113.83 ,1138.3
13919,2/7/2024,clothings,north ,10,$163.43 ,1634.3
13920,1/15/2024,Electronics,west,10,$94.93 ,949.3
13921,4/9/2024,Electronics,east,9,$129.80 ,1168.2
13922,3/16/2024,books,north ,1,$189.80 ,189.8
13923,1/28/2024,toys,south,2, Thirty ,
13924,5/21/2024,toys,north ,7,$96.23 ,673.61
13925,2/27/2024,clothings,south,7,$53.88 ,377.16
13926,6/18/2024,books,east,1,$182.54 ,182.54
13927,2/10/2024,books,north ,10,$102.50 ,1025
13928,3/14/2024,toys,south,6,$38.99 ,233.94
13929,2/8/2024,sports,east,6,$50.57 ,303.42
13930,2/2/2024,toys,east,8,$123.31 ,986.48
13931,6/19/2024,clothings,east,8,$35.65 ,285.2
13932,6/18/2024,Electronics,east,1,$102.81 ,102.81
13933,1/28/2024,toys,north ,2,$194.93 ,389.86
13934,1/2/2024,clothings,east,5,$100.64 ,503.2
13935,2/29/2024,Electronics,south,1,$121.26 ,121.26
13936,6/19/2024,clothings,east,2,$198.01 ,396.02
13937,5/11/2024,toys,east,3,$19.76 ,59.28
13938,2/1/2024,Home goods,east,9,$197.46 ,1777.14
13939,3/5/2024,clothings,south,1,$16.25 ,16.25
13940,4/14/2024,sports,south,3,$43.53 ,130.59
13941,3/31/2024,Electronics,north ,1,$152.81 ,152.81
13942,6/28/2024,clothings,west,4,  ,
13943,2/25/2024,books,west,10,$147.51 ,1475.1
13944,2/16/2024,clothings,south,9,$81.35 ,732.15
13945,1/13/2024,toys,south,8,$24.25 ,194
13946,6/23/2024,books,north ,5,$72.01 ,360.05
13947,5/23/2024,toys,north ,5,$162.84 ,814.2
13948,2/25/2024,toys,south,4,$141.69 ,566.76
13949,6/2/2024,Electronics,west,1,$24.61 ,24.61
13950,6/26/2024,clothings,east,1,$99.49 ,99.49
13951,1/17/2024,clothings,south,6,$102.74 ,616.44
13952,5/30/2024,toys,south,5,$19.99 ,99.95
13953,3/8/2024,clothings,west,3,$154.73 ,464.19
13954,6/1/2024,clothings,north ,1,$166.46 ,166.46
13955,5/4/2024,clothings,west,8,$53.19 ,425.52
13956,3/6/2024,books,north ,9,$28.66 ,257.94
13957,2/14/2024,Home goods,north ,9,$25.97 ,233.73
13958,3/23/2024,toys,west,5,$151.74 ,758.7
13959,5/1/2024,sports,south,2,$102.12 ,204.24
13960,1/24/2024,sports,south,,$183.24 ,
13961,6/13/2024,sports,south,6,$42.29 ,253.74
13962,6/22/2024,clothings,south,8,$84.64 ,677.12
13963,4/9/2024,Electronics,west,8,$49.22 ,393.76
13964,4/12/2024,Home goods,south,4,$47.47 ,189.88
13965,6/1/2024,clothings,north ,9,$37.51 ,337.59
13966,5/23/2024,clothings,north ,1,$168.37 ,168.37
13967,2/11/2024,books,west,4,$130.72 ,522.88
13968,2/21/2024,Home goods,east,3,$52.93 ,158.79
13969,3/15/2024,Electronics,south,1,$194.64 ,194.64
13970,4/9/2024,sports,south,,$198.56 ,
13971,2/12/2024,toys,east,6,$173.55 ,1041.3
13972,3/16/2024,clothings,south,8,$81.12 ,648.96
13973,6/6/2024,clothings,south,7,$56.54 ,395.78
13974,2/9/2024,sports,west,2,$161.74 ,323.48
13975,3/2/2024,Electronics,south,3,$184.60 ,553.8
13976,5/12/2024,sports,north ,4,$104.64 ,418.56
13977,3/30/2024,Home goods,west,3,$163.60 ,490.8
13978,4/22/2024,clothings,east,2,$149.20 ,298.4
13979,5/16/2024,books,west,10,$68.13 ,681.3
13980,1/23/2024,books,west,,$134.59 ,
13981,1/31/2024,toys,east,5,$82.64 ,413.2
13982,2/19/2024,sports,east,3,$93.66 ,280.98
13983,1/18/2024,clothings,west,,$158.03 ,
13984,1/21/2024,Electronics,south,5,$181.10 ,905.5
13985,3/28/2024,Electronics,east,2,$57.69 ,115.38
13986,1/9/2024,Electronics,north ,9,$55.87 ,502.83
13987,5/27/2024,clothings,south,9,$188.72 ,1698.48
13988,4/4/2024,clothings,east,4,$37.69 ,150.76
13989,2/1/2024,Electronics,east,9,$17.73 ,159.57
13990,6/19/2024,Electronics,south,8,$167.85 ,1342.8
13991,4/10/2024,Electronics,west,8,$156.78 ,1254.24
13992,3/11/2024,Electronics,west,10,$133.50 ,1335
13993,1/17/2024,toys,north ,5,$50.28 ,251.4
13994,6/9/2024,clothings,west,1,$23.04 ,23.04
13995,4/19/2024,clothings,south,2,$98.36 ,196.72
13996,2/12/2024,Home goods,south,3,$97.55 ,292.65
13997,1/11/2024,sports,east,5,$163.46 ,817.3
13998,6/21/2024,Electronics,north ,1,$46.26 ,46.26
13999,6/18/2024,books,north ,9,$48.50 ,436.5
14000,2/20/2024,books,south,4,$178.09 ,712.36
14001,2/3/2024,books,west,9,$134.00 ,1206
14002,5/7/2024,toys,east,5,$38.95 ,194.75
14003,3/3/2024,clothings,north ,6,$172.90 ,1037.4
14004,6/1/2024,Home goods,west,10,$23.86 ,238.6
14005,5/5/2024,books,north ,9,$166.04 ,1494.36
14006,2/6/2024,clothings,east,9,$128.18 ,1153.62
14007,3/22/2024,Electronics,east,,$196.10 ,
14008,5/23/2024,Electronics,north ,1,$56.32 ,56.32
14009,4/2/2024,Electronics,north ,1, Thirty ,
14010,4/9/2024,Electronics,south,2,$21.56 ,43.12
14011,4/12/2024,books,west,6,$107.60 ,645.6
14012,3/14/2024,toys,north ,2,$71.98 ,143.96
14013,4/18/2024,clothings,south,3,$161.57 ,484.71
14014,4/25/2024,Electronics,south,2,  ,
14015,5/30/2024,Home goods,north ,8,$59.91 ,479.28
14016,6/15/2024,books,north ,4,$120.37 ,481.48
14017,4/16/2024,clothings,north ,7,$186.82 ,1307.74
14018,5/13/2024,toys,south,4,$140.70 ,562.8
14019,2/11/2024,Electronics,south,6,$57.00 ,342
14020,2/15/2024,Electronics,west,9,$27.67 ,249.03
14021,1/15/2024,sports,north ,10,$151.48 ,1514.8
14022,4/27/2024,toys,west,8,$187.68 ,1501.44
14023,1/2/2024,sports,south,3, Thirty ,
14024,5/17/2024,toys,west,2,$162.58 ,325.16
14025,5/27/2024,sports,south,5,$59.42 ,297.1
14026,6/30/2024,Electronics,south,3,$24.62 ,73.86
14027,5/30/2024,clothings,east,7,$186.86 ,1308.02
14028,1/16/2024,sports,south,3,$170.84 ,512.52
14029,2/2/2024,Electronics,south,4,$195.36 ,781.44
14030,4/12/2024,Home goods,west,10,$112.96 ,1129.6
14031,4/20/2024,sports,south,1,$40.53 ,40.53
14032,2/1/2024,Electronics,south,1,$14.39 ,14.39
14033,5/10/2024,toys,east,3,$92.05 ,276.15
14034,2/23/2024,clothings,west,2,$171.15 ,342.3
14035,1/7/2024,Home goods,west,7,$169.45 ,1186.15
14036,2/13/2024,toys,north ,8,$40.05 ,320.4
14037,1/31/2024,Home goods,west,5,$38.28 ,191.4
14038,2/20/2024,Electronics,east,8,$156.18 ,1249.44
14039,4/20/2024,Electronics,east,10,$151.01 ,1510.1
14040,2/5/2024,toys,south,1,$189.65 ,189.65
14041,1/3/2024,Electronics,east,9,$156.17 ,1405.53
14042,5/3/2024,toys,south,10,$95.11 ,951.1
14043,2/11/2024,sports,east,7,$74.21 ,519.47
14044,2/3/2024,toys,east,4,$74.91 ,299.64
14045,1/18/2024,books,north ,10,$154.55 ,1545.5
14046,5/10/2024,sports,east,2,$11.86 ,23.72
14047,1/17/2024,clothings,west,9,$192.26 ,1730.34
14048,2/27/2024,books,east,5,$63.37 ,316.85
14049,2/25/2024,clothings,west,3,$102.79 ,308.37
14050,3/31/2024,toys,south,8,$94.76 ,758.08
14051,6/21/2024,Home goods,north ,7,$80.57 ,563.99
14052,5/13/2024,books,south,4,$66.77 ,267.08
14053,5/18/2024,books,west,4,$116.23 ,464.92
14054,1/16/2024,sports,north ,10,$119.95 ,1199.5
14055,4/3/2024,Electronics,north ,1, Thirty ,
14056,5/15/2024,Home goods,north ,10,$146.89 ,1468.9
14057,5/20/2024,toys,east,8,$149.63 ,1197.04
14058,5/26/2024,Electronics,north ,8,  ,
14059,6/23/2024,books,north ,8,$120.50 ,964
14060,4/9/2024,books,west,2,$92.14 ,184.28
14061,5/27/2024,toys,west,2,$46.87 ,93.74
14062,2/27/2024,toys,south,6,$54.48 ,326.88
14063,5/22/2024,Electronics,west,7,$78.97 ,552.79
14064,3/18/2024,Home goods,north ,6,$58.54 ,351.24
14065,5/5/2024,books,east,9,$197.99 ,1781.91
14066,1/23/2024,books,south,9,  ,
14067,4/14/2024,sports,south,5,$146.63 ,733.15
14068,3/6/2024,books,north ,8,$144.70 ,1157.6
14069,4/17/2024,Electronics,north ,10, Thirty ,
14070,4/24/2024,books,east,7,$74.02 ,518.14
14071,4/2/2024,books,north ,6,$164.75 ,988.5
14072,1/15/2024,Electronics,east,10,$106.88 ,1068.8
14073,5/23/2024,clothings,north ,4,$198.51 ,794.04
14074,1/18/2024,clothings,east,10,$127.40 ,1274
14075,1/25/2024,clothings,south,8,$157.57 ,1260.56
14076,3/6/2024,Home goods,west,10,$190.65 ,1906.5
14077,1/27/2024,toys,east,2,$60.53 ,121.06
14078,3/12/2024,Home goods,east,6,$172.92 ,1037.52
14079,1/22/2024,sports,south,4,$65.88 ,263.52
14080,1/5/2024,Electronics,west,9,$45.61 ,410.49
14081,2/5/2024,books,north ,8,$88.78 ,710.24
14082,1/4/2024,books,north ,7,$101.14 ,707.98
14083,3/29/2024,Electronics,south,7,$146.57 ,1025.99
14084,3/8/2024,Home goods,south,3,$27.27 ,81.81
14085,1/8/2024,books,south,1,$47.13 ,47.13
14086,2/14/2024,sports,east,2,$116.17 ,232.34
14087,5/26/2024,Electronics,south,8,$173.13 ,1385.04
14088,2/8/2024,sports,south,5,$168.44 ,842.2
14089,4/4/2024,Home goods,west,4,$49.75 ,199
14090,6/29/2024,toys,west,3,$129.78 ,389.34
14091,4/6/2024,books,west,6,$30.72 ,184.32
14092,1/17/2024,books,south,5,$50.03 ,250.15
14093,1/8/2024,sports,east,8,$50.73 ,405.84
14094,3/29/2024,clothings,south,7,$118.19 ,827.33
14095,2/9/2024,books,north ,4,$192.00 ,768
14096,3/13/2024,sports,south,6,$128.36 ,770.16
14097,3/11/2024,toys,north ,3,$108.27 ,324.81
14098,5/1/2024,Home goods,north ,10,$145.52 ,1455.2
14099,2/18/2024,Electronics,south,, Thirty ,
14100,6/6/2024,toys,east,9,$125.82 ,1132.38
14101,1/3/2024,clothings,north ,3,$116.99 ,350.97
14102,1/15/2024,toys,north ,1,$92.27 ,92.27
14103,1/11/2024,Home goods,north ,8,$95.26 ,762.08
14104,2/11/2024,sports,south,10,$78.85 ,788.5
14105,1/8/2024,toys,west,9,$66.20 ,595.8
14106,6/18/2024,Electronics,east,7, Thirty ,
14107,4/9/2024,clothings,east,4,$87.04 ,348.16
14108,1/14/2024,Home goods,east,7,$21.56 ,150.92
14109,6/3/2024,books,west,7,$156.00 ,1092
14110,2/24/2024,clothings,west,,$199.34 ,
14111,1/11/2024,books,south,5,$81.41 ,407.05
14112,2/3/2024,books,west,7,  ,
14113,5/13/2024,clothings,south,6,$161.18 ,967.08
14114,1/29/2024,Home goods,west,3,$63.59 ,190.77
14115,6/17/2024,sports,east,6,$103.90 ,623.4
14116,4/21/2024,toys,north ,6,$56.17 ,337.02
14117,5/10/2024,sports,north ,2,$187.27 ,374.54
14118,3/20/2024,books,east,2,$90.54 ,181.08
14119,4/5/2024,clothings,west,10,$45.47 ,454.7
14120,5/12/2024,toys,east,7,$57.04 ,399.28
14121,1/6/2024,Electronics,west,6,$156.74 ,940.44
14122,3/17/2024,books,east,1,$195.90 ,195.9
14123,6/20/2024,books,east,3,$35.91 ,107.73
14124,3/23/2024,Home goods,west,9,$147.56 ,1328.04
14125,5/19/2024,Home goods,north ,3,$69.09 ,207.27
14126,5/18/2024,sports,south,4,$117.29 ,469.16
14127,2/26/2024,books,east,9,$124.42 ,1119.78
14128,5/27/2024,Electronics,north ,8,$173.82 ,1390.56
14129,1/3/2024,sports,east,7,$156.56 ,1095.92
14130,3/11/2024,books,north ,8,$175.53 ,1404.24
14131,3/20/2024,books,west,7,$103.22 ,722.54
14132,2/15/2024,books,east,9,$26.86 ,241.74
14133,5/16/2024,Electronics,south,3,$33.18 ,99.54
14134,6/20/2024,sports,south,7,$89.63 ,627.41
14135,6/14/2024,books,east,6,$73.69 ,442.14
14136,6/13/2024,books,south,7, Thirty ,
14137,2/4/2024,clothings,west,2,$125.50 ,251
14138,5/25/2024,books,west,8,$52.26 ,418.08
14139,6/19/2024,books,south,7,$180.07 ,1260.49
14140,6/28/2024,books,west,1,$104.63 ,104.63
14141,1/29/2024,books,north ,9,$83.28 ,749.52
14142,1/2/2024,toys,north ,9,$90.39 ,813.51
14143,1/29/2024,Home goods,north ,4,$109.12 ,436.48
14144,1/26/2024,Home goods,east,8,$77.24 ,617.92
14145,3/14/2024,clothings,north ,10,$123.62 ,1236.2
14146,5/24/2024,toys,east,7,$171.15 ,1198.05
14147,4/10/2024,Home goods,north ,2,$170.15 ,340.3
14148,4/11/2024,toys,north ,,$89.32 ,
14149,1/6/2024,Home goods,north ,7,$174.96 ,1224.72
14150,3/20/2024,sports,east,8,$191.15 ,1529.2
14151,5/29/2024,sports,south,1,$162.75 ,162.75
14152,4/15/2024,toys,east,10,$114.18 ,1141.8
14153,5/23/2024,clothings,north ,2,$16.37 ,32.74
14154,1/2/2024,sports,east,9,$28.57 ,257.13
14155,3/27/2024,Electronics,east,3,$86.19 ,258.57
14156,6/6/2024,clothings,east,9,$133.30 ,1199.7
14157,5/14/2024,sports,north ,8,  ,
14158,1/19/2024,sports,west,2,$131.68 ,263.36
14159,5/7/2024,toys,north ,3,$144.57 ,433.71
14160,3/3/2024,Electronics,north ,10,$21.52 ,215.2
14161,2/23/2024,toys,north ,9,$54.27 ,488.43
14162,5/16/2024,toys,south,1,$187.03 ,187.03
14163,6/23/2024,Electronics,north ,2,$50.96 ,101.92
14164,4/24/2024,books,north ,7,$75.37 ,527.59
14165,2/10/2024,Electronics,east,6,$13.01 ,78.06
14166,6/5/2024,clothings,south,5,$147.97 ,739.85
14167,2/27/2024,Electronics,south,1,$74.29 ,74.29
14168,4/3/2024,clothings,north ,10,$68.16 ,681.6
14169,2/8/2024,clothings,east,9,$102.44 ,921.96
14170,5/8/2024,sports,north ,3,$13.65 ,40.95
14171,1/7/2024,Electronics,north ,4,$75.91 ,303.64
14172,3/22/2024,clothings,north ,6,$117.06 ,702.36
14173,4/23/2024,Electronics,east,1,$34.71 ,34.71
14174,5/29/2024,Electronics,north ,9,$51.53 ,463.77
14175,3/21/2024,books,south,6, Thirty ,
14176,2/8/2024,sports,east,2,$28.66 ,57.32
14177,6/2/2024,Electronics,north ,8,$52.01 ,416.08
14178,2/5/2024,Home goods,east,4,$95.76 ,383.04
14179,5/6/2024,sports,east,7,$118.23 ,827.61
14180,2/11/2024,toys,south,9,$23.35 ,210.15
14181,6/4/2024,clothings,east,6,$128.52 ,771.12
14182,4/29/2024,toys,east,6,  ,
14183,5/2/2024,Electronics,west,4,$165.09 ,660.36
14184,5/18/2024,Home goods,west,7,$122.73 ,859.11
14185,5/4/2024,clothings,east,2,$88.12 ,176.24
14186,6/17/2024,books,east,2, Thirty ,
14187,3/1/2024,toys,east,10,$63.68 ,636.8
14188,4/29/2024,Home goods,east,9,$54.30 ,488.7
14189,4/3/2024,Home goods,south,6,$11.31 ,67.86
14190,4/6/2024,books,north ,8,$174.71 ,1397.68
14191,5/9/2024,books,west,4,$37.51 ,150.04
14192,6/1/2024,books,west,8,$118.01 ,944.08
14193,2/5/2024,clothings,west,8,$174.05 ,1392.4
14194,5/28/2024,Electronics,south,5,$145.78 ,728.9
14195,1/9/2024,sports,east,,$183.16 ,
14196,3/24/2024,clothings,west,7,$118.16 ,827.12
14197,3/5/2024,Electronics,north ,4,$114.73 ,458.92
14198,4/15/2024,toys,east,7,$90.32 ,632.24
14199,4/13/2024,Home goods,west,1,$165.58 ,165.58
14200,4/28/2024,sports,east,4,$117.35 ,469.4
14201,5/31/2024,toys,north ,3,$18.27 ,54.81
14202,6/2/2024,Home goods,west,10,$45.04 ,450.4
14203,5/29/2024,clothings,south,9,$16.35 ,147.15
14204,5/12/2024,Electronics,north ,1,$23.19 ,23.19
14205,5/20/2024,Home goods,east,10,$48.47 ,484.7
14206,3/2/2024,sports,south,4,$18.83 ,75.32
14207,4/22/2024,books,east,9,$120.22 ,1081.98
14208,6/13/2024,Electronics,south,3, Thirty ,
14209,6/13/2024,toys,north ,6,$11.68 ,70.08
14210,1/30/2024,clothings,west,7,$198.09 ,1386.63
14211,2/16/2024,Home goods,east,4,$134.94 ,539.76
14212,6/2/2024,clothings,north ,9,$45.99 ,413.91
14213,1/21/2024,books,west,5,$23.25 ,116.25
14214,1/20/2024,toys,south,8,$157.36 ,1258.88
14215,3/3/2024,books,west,2,$113.78 ,227.56
14216,1/22/2024,Home goods,south,6,$150.77 ,904.62
14217,6/27/2024,Electronics,north ,2,$48.66 ,97.32
14218,1/30/2024,Electronics,west,5,$86.25 ,431.25
14219,2/27/2024,sports,south,8,$104.02 ,832.16
14220,1/10/2024,toys,east,9,$56.64 ,509.76
14221,1/10/2024,books,west,7,$143.53 ,1004.71
14222,2/20/2024,toys,west,2,$61.13 ,122.26
14223,5/21/2024,toys,west,5,$52.02 ,260.1
14224,6/7/2024,Electronics,east,3,$148.11 ,444.33
14225,4/2/2024,books,north ,8,$161.60 ,1292.8
14226,2/28/2024,toys,east,2,$105.96 ,211.92
14227,1/19/2024,Home goods,north ,6,$93.75 ,562.5
14228,6/10/2024,Home goods,south,2,$158.19 ,316.38
14229,2/23/2024,Home goods,west,1,$59.41 ,59.41
14230,5/13/2024,books,south,10,$148.47 ,1484.7
14231,1/15/2024,clothings,east,5,$188.13 ,940.65
14232,4/5/2024,sports,west,3,$181.65 ,544.95
14233,4/29/2024,books,south,2,$58.39 ,116.78
14234,2/12/2024,clothings,south,1,$78.96 ,78.96
14235,3/3/2024,toys,west,3,$82.15 ,246.45
14236,5/6/2024,toys,west,1,$163.28 ,163.28
14237,4/1/2024,sports,south,2,$124.81 ,249.62
14238,6/21/2024,Electronics,west,5,$37.30 ,186.5
14239,6/10/2024,books,north ,7,$154.63 ,1082.41
14240,1/8/2024,clothings,north ,3,$167.00 ,501
14241,3/17/2024,sports,east,5,$109.63 ,548.15
14242,5/20/2024,sports,east,9,$195.25 ,1757.25
14243,1/1/2024,books,west,10,$26.55 ,265.5
14244,1/4/2024,sports,south,7,$198.86 ,1392.02
14245,2/17/2024,Electronics,north ,7,$22.46 ,157.22
14246,4/9/2024,toys,east,,$79.94 ,
14247,2/16/2024,Home goods,east,4,  ,
14248,2/25/2024,Home goods,east,6,$99.99 ,599.94
14249,1/1/2024,books,north ,5,$39.19 ,195.95
14250,1/15/2024,toys,north ,3,$30.04 ,90.12
14251,3/26/2024,Electronics,north ,10,$172.72 ,1727.2
14252,3/7/2024,clothings,east,9,$143.18 ,1288.62
14253,3/20/2024,Home goods,east,10,$119.38 ,1193.8
14254,1/28/2024,books,south,6,$144.19 ,865.14
14255,6/27/2024,Home goods,north ,3,$117.89 ,353.67
14256,4/10/2024,clothings,east,4,$138.11 ,552.44
14257,6/2/2024,Electronics,east,1,$119.67 ,119.67
14258,6/24/2024,clothings,south,8,$148.99 ,1191.92
14259,5/18/2024,books,south,8,$97.97 ,783.76
14260,6/2/2024,clothings,west,10,$128.44 ,1284.4
14261,5/22/2024,Home goods,north ,4,$118.05 ,472.2
14262,5/8/2024,clothings,east,7,$75.13 ,525.91
14263,5/18/2024,sports,east,1,$22.02 ,22.02
14264,3/21/2024,clothings,west,3,$38.14 ,114.42
14265,6/20/2024,books,east,7,$114.81 ,803.67
14266,3/9/2024,Electronics,west,7,$191.76 ,1342.32
14267,4/29/2024,toys,west,5,$171.40 ,857
14268,3/2/2024,Home goods,north ,10,$70.53 ,705.3
14269,2/19/2024,clothings,south,3,$192.29 ,576.87
14270,2/22/2024,Home goods,east,8,$131.79 ,1054.32
14271,4/30/2024,Electronics,south,4,$177.95 ,711.8
14272,1/26/2024,sports,east,10,$15.57 ,155.7
14273,2/29/2024,Electronics,south,,$128.77 ,
14274,2/5/2024,clothings,north ,10,$73.59 ,735.9
14275,1/10/2024,toys,east,3,$45.98 ,137.94
14276,2/22/2024,sports,north ,3,$199.68 ,599.04
14277,4/5/2024,books,east,3,$91.45 ,274.35
14278,6/7/2024,Electronics,south,10,$159.29 ,1592.9
14279,3/6/2024,Electronics,north ,1,$98.99 ,98.99
14280,6/30/2024,Electronics,south,2,$89.31 ,178.62
14281,5/1/2024,books,north ,7,$94.02 ,658.14
14282,5/17/2024,toys,north ,6,$113.11 ,678.66
14283,6/28/2024,books,north ,7,$12.81 ,89.67
14284,4/4/2024,sports,south,4,$20.03 ,80.12
14285,4/10/2024,toys,west,3,$26.60 ,79.8
14286,6/11/2024,sports,south,1,$71.48 ,71.48
14287,6/8/2024,sports,east,4,$93.82 ,375.28
14288,5/28/2024,sports,east,10,$58.82 ,588.2
14289,1/19/2024,clothings,south,3,$22.50 ,67.5
14290,3/10/2024,clothings,north ,8,$64.81 ,518.48
14291,3/27/2024,books,south,3,$101.45 ,304.35
14292,6/16/2024,Home goods,east,7,$153.52 ,1074.64
14293,2/5/2024,books,north ,3,$163.20 ,489.6
14294,2/28/2024,clothings,south,6,$141.07 ,846.42
14295,5/7/2024,Electronics,east,10,$32.98 ,329.8
14296,1/11/2024,toys,north ,8,$83.76 ,670.08
14297,1/6/2024,sports,west,5,$177.62 ,888.1
14298,5/4/2024,clothings,north ,8,$110.79 ,886.32
14299,3/24/2024,books,north ,4,$105.91 ,423.64
14300,1/24/2024,sports,west,8,$38.30 ,306.4
14301,3/28/2024,Home goods,west,5,$58.50 ,292.5
14302,4/11/2024,Electronics,east,8,$35.91 ,287.28
14303,4/20/2024,sports,west,2,$192.10 ,384.2
14304,6/10/2024,toys,west,3,$160.34 ,481.02
14305,3/20/2024,sports,east,3,$47.96 ,143.88
14306,5/25/2024,Home goods,south,2,$32.44 ,64.88
14307,3/27/2024,sports,east,6,$161.42 ,968.52
14308,3/4/2024,Home goods,east,1,$40.02 ,40.02
14309,4/11/2024,sports,south,9,$166.45 ,1498.05
14310,3/17/2024,books,north ,3,$30.99 ,92.97
14311,2/7/2024,toys,south,9,$139.21 ,1252.89
14312,1/27/2024,toys,east,3,$27.61 ,82.83
14313,1/20/2024,Home goods,north ,4,$153.04 ,612.16
14314,3/27/2024,Home goods,west,10,$117.18 ,1171.8
14315,6/22/2024,books,west,6,$128.35 ,770.1
14316,5/15/2024,Home goods,east,3,$160.38 ,481.14
14317,4/27/2024,toys,west,3,$41.87 ,125.61
14318,2/29/2024,toys,north ,9,$75.32 ,677.88
14319,4/26/2024,Electronics,west,7,$94.42 ,660.94
14320,5/4/2024,sports,south,4,$190.11 ,760.44
14321,4/29/2024,books,south,1,$31.83 ,31.83
14322,1/22/2024,sports,south,2,$60.64 ,121.28
14323,1/31/2024,sports,north ,3,$158.07 ,474.21
14324,5/2/2024,toys,west,2,$120.81 ,241.62
14325,2/10/2024,Electronics,east,3,$157.23 ,471.69
14326,1/18/2024,Electronics,north ,5,$145.48 ,727.4
14327,1/19/2024,books,east,10,$19.35 ,193.5
14328,3/19/2024,Electronics,east,9,$84.85 ,763.65
14329,3/14/2024,sports,west,2,$89.55 ,179.1
14330,1/16/2024,Electronics,north ,6,$175.17 ,1051.02
14331,3/19/2024,books,north ,7,$37.04 ,259.28
14332,6/14/2024,toys,east,7, Thirty ,
14333,5/4/2024,books,west,8,$114.57 ,916.56
14334,6/26/2024,clothings,south,5,$152.56 ,762.8
14335,4/15/2024,toys,south,6,$192.40 ,1154.4
14336,6/5/2024,Electronics,south,10,$97.51 ,975.1
14337,2/27/2024,Electronics,south,8,$90.01 ,720.08
14338,1/6/2024,toys,north ,7,$37.32 ,261.24
14339,1/16/2024,books,north ,4,$170.77 ,683.08
14340,4/14/2024,books,east,6,$146.80 ,880.8
14341,4/6/2024,sports,south,9,$161.89 ,1457.01
14342,1/16/2024,books,west,7,$28.33 ,198.31
14343,5/14/2024,books,south,5,$54.99 ,274.95
14344,3/12/2024,sports,south,4,$141.51 ,566.04
14345,5/27/2024,Electronics,west,8,$25.76 ,206.08
14346,2/6/2024,toys,south,5,$103.92 ,519.6
14347,1/16/2024,clothings,north ,5,$13.22 ,66.1
14348,2/26/2024,toys,west,7,$169.15 ,1184.05
14349,1/21/2024,Electronics,north ,7,$34.39 ,240.73
14350,3/27/2024,Electronics,east,5,$46.85 ,234.25
14351,1/25/2024,Electronics,south,1,$75.28 ,75.28
14352,3/22/2024,Electronics,east,3,$63.08 ,189.24
14353,4/11/2024,Home goods,north ,3,$195.01 ,585.03
14354,6/5/2024,Electronics,south,7,$199.66 ,1397.62
14355,4/3/2024,clothings,south,4,$135.21 ,540.84
14356,2/28/2024,clothings,south,2,$175.15 ,350.3
14357,3/11/2024,Electronics,north ,8,$154.75 ,1238
14358,2/17/2024,clothings,east,2,$79.13 ,158.26
14359,1/2/2024,Home goods,east,2,$56.12 ,112.24
14360,2/6/2024,sports,west,10,$112.09 ,1120.9
14361,4/30/2024,Home goods,east,,$163.80 ,
14362,1/12/2024,Electronics,west,7,$134.22 ,939.54
14363,5/6/2024,Home goods,north ,1,$160.27 ,160.27
14364,2/8/2024,clothings,north ,5,$180.39 ,901.95
14365,3/9/2024,clothings,east,7,$142.10 ,994.7
14366,5/31/2024,books,south,2,$23.09 ,46.18
14367,5/7/2024,books,east,5,$118.05 ,590.25
14368,3/19/2024,Home goods,north ,1,$163.34 ,163.34
14369,3/12/2024,Electronics,east,9,$113.24 ,1019.16
14370,5/26/2024,books,north ,10,$48.89 ,488.9
14371,3/16/2024,Home goods,east,1,$55.14 ,55.14
14372,1/24/2024,Home goods,north ,6,$157.51 ,945.06
14373,2/5/2024,sports,north ,8,$137.10 ,1096.8
14374,4/15/2024,Electronics,south,4,$174.23 ,696.92
14375,5/25/2024,sports,west,3,$157.91 ,473.73
14376,1/27/2024,Home goods,east,3,$111.21 ,333.63
14377,2/12/2024,toys,north ,3,$170.54 ,511.62
14378,4/19/2024,Electronics,south,3,$118.25 ,354.75
14379,5/20/2024,Home goods,east,4,  ,
14380,3/13/2024,Electronics,west,,$197.18 ,
14381,1/10/2024,sports,west,1,$143.73 ,143.73
14382,2/15/2024,Home goods,north ,3,$143.97 ,431.91
14383,4/22/2024,books,north ,8,$80.69 ,645.52
14384,2/19/2024,clothings,west,3,$165.79 ,497.37
14385,3/11/2024,Electronics,west,3,$97.26 ,291.78
14386,4/28/2024,books,south,8,  ,
14387,5/5/2024,toys,west,6, Thirty ,
14388,5/13/2024,Home goods,east,1,$154.69 ,154.69
14389,3/13/2024,toys,west,7,$150.29 ,1052.03
14390,6/1/2024,books,east,2,$95.83 ,191.66
14391,1/1/2024,Home goods,north ,3,$23.51 ,70.53
14392,6/6/2024,books,east,2,$160.45 ,320.9
14393,6/25/2024,sports,south,4,$129.09 ,516.36
14394,3/2/2024,clothings,west,1, Thirty ,
14395,5/27/2024,clothings,east,2,  ,
14396,3/24/2024,Electronics,south,,$150.99 ,
14397,5/31/2024,toys,north ,6,$41.39 ,248.34
14398,3/13/2024,books,west,9,$77.33 ,695.97
14399,2/18/2024,toys,east,,$97.51 ,
14400,3/2/2024,Home goods,south,9,$191.17 ,1720.53
14401,6/11/2024,Home goods,south,10,$84.85 ,848.5
14402,1/7/2024,clothings,south,7,$87.00 ,609
14403,3/22/2024,toys,north ,7,$50.64 ,354.48
14404,4/2/2024,sports,west,4,$142.44 ,569.76
14405,5/1/2024,Electronics,west,7,$155.03 ,1085.21
14406,4/4/2024,Home goods,north ,8,$192.97 ,1543.76
14407,6/26/2024,sports,north ,4,$118.74 ,474.96
14408,1/18/2024,Electronics,east,8,$37.79 ,302.32
14409,4/6/2024,books,south,2,$21.66 ,43.32
14410,5/20/2024,Electronics,north ,2,$23.78 ,47.56
14411,5/13/2024,books,south,8,$128.12 ,1024.96
14412,6/25/2024,sports,east,7,$126.94 ,888.58
14413,2/18/2024,toys,west,1,$21.67 ,21.67
14414,1/4/2024,Home goods,east,10,$84.56 ,845.6
14415,4/14/2024,toys,south,7,$147.50 ,1032.5
14416,6/5/2024,books,north ,9,$36.83 ,331.47
14417,5/10/2024,books,east,3,$66.33 ,198.99
14418,6/23/2024,sports,north ,3,$25.51 ,76.53
14419,1/19/2024,sports,south,10,$131.42 ,1314.2
14420,2/14/2024,sports,south,10,$70.17 ,701.7
14421,3/24/2024,Home goods,south,7,$199.70 ,1397.9
14422,5/11/2024,clothings,east,6,$189.07 ,1134.42
14423,6/5/2024,Electronics,south,3,$64.50 ,193.5
14424,6/21/2024,books,north ,5,$33.81 ,169.05
14425,3/29/2024,clothings,north ,10,$11.84 ,118.4
14426,1/22/2024,toys,east,9,$135.67 ,1221.03
14427,3/10/2024,toys,north ,2,$44.89 ,89.78
14428,5/25/2024,sports,east,1,$122.29 ,122.29
14429,3/28/2024,Home goods,west,5,$193.37 ,966.85
14430,3/15/2024,books,east,10,$108.78 ,1087.8
14431,2/5/2024,Home goods,south,6,$150.86 ,905.16
14432,3/6/2024,books,east,1,$36.19 ,36.19
14433,6/8/2024,Home goods,south,3,$128.59 ,385.77
14434,1/2/2024,clothings,north ,1, Thirty ,
14435,4/7/2024,Home goods,east,10,$170.24 ,1702.4
14436,6/14/2024,sports,east,9,$31.36 ,282.24
14437,1/24/2024,books,east,4,$69.96 ,279.84
14438,1/23/2024,toys,west,6,$54.79 ,328.74
14439,2/25/2024,toys,west,10,$22.38 ,223.8
14440,3/16/2024,Electronics,east,,$175.40 ,
14441,3/2/2024,clothings,north ,4,$118.12 ,472.48
14442,4/12/2024,books,north ,8,$160.79 ,1286.32
14443,5/11/2024,Electronics,west,10,$69.37 ,693.7
14444,2/17/2024,books,north ,8,$160.97 ,1287.76
14445,1/17/2024,clothings,east,7,$173.07 ,1211.49
14446,3/9/2024,Electronics,east,1,$137.10 ,137.1
14447,6/6/2024,Home goods,east,3,$36.45 ,109.35
14448,3/19/2024,sports,south,10,$57.93 ,579.3
14449,6/29/2024,Home goods,west,6,$131.20 ,787.2
14450,1/11/2024,clothings,west,7,$184.67 ,1292.69
14451,5/2/2024,books,east,6,$22.45 ,134.7
14452,4/12/2024,toys,south,7,$155.36 ,1087.52
14453,3/9/2024,clothings,south,8,$66.17 ,529.36
14454,2/17/2024,books,east,,$75.59 ,
14455,1/21/2024,clothings,east,4,$108.55 ,434.2
14456,6/25/2024,clothings,east,7,$175.02 ,1225.14
14457,2/16/2024,books,west,6,$62.01 ,372.06
14458,6/30/2024,Electronics,east,8,$120.42 ,963.36
14459,3/13/2024,sports,west,1,$118.61 ,118.61
14460,1/27/2024,Electronics,west,10,$195.12 ,1951.2
14461,2/24/2024,clothings,west,7,$171.57 ,1200.99
14462,4/23/2024,toys,west,8,$131.32 ,1050.56
14463,1/21/2024,books,south,9,$55.24 ,497.16
14464,6/8/2024,books,south,8,$30.21 ,241.68
14465,1/26/2024,toys,north ,2,$170.49 ,340.98
14466,5/24/2024,Electronics,north ,9,$32.94 ,296.46
14467,2/18/2024,books,north ,3,$142.56 ,427.68
14468,6/22/2024,clothings,east,8,$119.62 ,956.96
14469,5/26/2024,sports,east,4,$11.57 ,46.28
14470,6/28/2024,Home goods,north ,7,$18.21 ,127.47
14471,2/11/2024,toys,south,9,$132.88 ,1195.92
14472,3/28/2024,Home goods,south,5,$150.06 ,750.3
14473,6/5/2024,sports,south,1,$88.50 ,88.5
14474,1/10/2024,clothings,north ,8,$128.66 ,1029.28
14475,5/3/2024,toys,west,3,$19.21 ,57.63
14476,3/4/2024,toys,north ,1,$15.46 ,15.46
14477,4/15/2024,clothings,west,8,$145.45 ,1163.6
14478,1/27/2024,Electronics,west,3,$110.54 ,331.62
14479,5/20/2024,toys,west,1,$51.06 ,51.06
14480,4/24/2024,Home goods,west,5,$51.34 ,256.7
14481,5/3/2024,clothings,south,9,$85.60 ,770.4
14482,4/16/2024,clothings,east,10,$100.76 ,1007.6
14483,4/6/2024,Electronics,south,8,$46.84 ,374.72
14484,4/8/2024,Electronics,west,2,$19.68 ,39.36
14485,1/12/2024,Electronics,east,9,$124.06 ,1116.54
14486,1/30/2024,Electronics,east,6,$144.80 ,868.8
14487,6/26/2024,clothings,south,1,$17.72 ,17.72
14488,5/21/2024,Home goods,north ,3,$78.53 ,235.59
14489,2/9/2024,clothings,south,6, Thirty ,
14490,1/11/2024,books,north ,5,$106.85 ,534.25
14491,3/3/2024,Electronics,north ,1,$64.63 ,64.63
14492,5/16/2024,toys,east,8,$178.67 ,1429.36
14493,1/15/2024,sports,east,1,$103.06 ,103.06
14494,5/10/2024,Home goods,north ,4,$134.05 ,536.2
14495,6/17/2024,toys,north ,,$74.98 ,
14496,5/14/2024,books,west,8,$34.12 ,272.96
14497,1/6/2024,toys,east,7,$59.09 ,413.63
14498,1/25/2024,Electronics,east,3,$47.68 ,143.04
14499,1/9/2024,sports,north ,,$120.33 ,
14500,4/13/2024,toys,east,10,$135.22 ,1352.2
14501,4/8/2024,clothings,east,9,$85.17 ,766.53
14502,5/29/2024,sports,south,3,$95.11 ,285.33
14503,6/20/2024,toys,south,1,$75.86 ,75.86
14504,3/15/2024,Electronics,north ,9,$67.07 ,603.63
14505,4/19/2024,Home goods,west,4,$122.96 ,491.84
14506,1/28/2024,toys,south,2,$150.10 ,300.2
14507,3/29/2024,clothings,north ,2,$34.84 ,69.68
14508,2/24/2024,toys,east,10,$99.40 ,994
14509,1/2/2024,clothings,south,7,$42.73 ,299.11
14510,2/14/2024,toys,west,1,$153.94 ,153.94
14511,3/25/2024,books,east,8,$73.95 ,591.6
14512,4/29/2024,Electronics,north ,,$127.57 ,
14513,3/20/2024,toys,west,4,$107.38 ,429.52
14514,1/6/2024,Home goods,north ,9,$82.29 ,740.61
14515,6/18/2024,sports,west,7,$86.08 ,602.56
14516,3/26/2024,clothings,south,3,$80.52 ,241.56
14517,1/8/2024,clothings,east,2,$111.28 ,222.56
14518,1/3/2024,clothings,north ,10,$81.52 ,815.2
14519,3/13/2024,toys,east,3,$176.99 ,530.97
14520,5/12/2024,Home goods,east,9,$162.34 ,1461.06
14521,3/13/2024,books,north ,10,$41.66 ,416.6
14522,4/15/2024,sports,north ,3,$28.21 ,84.63
14523,1/3/2024,toys,south,1,$38.51 ,38.51
14524,6/10/2024,books,east,2,$20.87 ,41.74
14525,1/25/2024,Home goods,west,8,$130.83 ,1046.64
14526,2/19/2024,books,west,1,$121.44 ,121.44
14527,2/14/2024,sports,east,5,$20.23 ,101.15
14528,3/2/2024,books,north ,9,$174.25 ,1568.25
14529,4/23/2024,books,south,5,$193.90 ,969.5
14530,3/21/2024,books,east,2,$73.21 ,146.42
14531,2/15/2024,books,north ,2,$180.64 ,361.28
14532,4/22/2024,books,east,10,$193.20 ,1932
14533,2/20/2024,Home goods,west,4,$184.54 ,738.16
14534,2/25/2024,toys,north ,2,$124.22 ,248.44
14535,5/23/2024,Electronics,west,3,$69.13 ,207.39
14536,1/29/2024,sports,west,10, Thirty ,
14537,6/19/2024,clothings,west,1,$118.47 ,118.47
14538,5/1/2024,clothings,south,9,$121.09 ,1089.81
14539,3/28/2024,books,north ,2,$54.80 ,109.6
14540,5/2/2024,sports,north ,1,$31.81 ,31.81
14541,6/3/2024,books,west,9,  ,
14542,6/27/2024,sports,east,1,$153.29 ,153.29
14543,1/28/2024,clothings,east,6,$112.38 ,674.28
14544,5/2/2024,Electronics,south,9,$101.06 ,909.54
14545,5/21/2024,sports,west,1,$84.38 ,84.38
14546,2/13/2024,books,west,8,$115.42 ,923.36
14547,2/25/2024,clothings,north ,1,$66.78 ,66.78
14548,5/30/2024,sports,east,2,$149.57 ,299.14
14549,4/4/2024,sports,north ,9,$149.64 ,1346.76
14550,5/25/2024,books,south,1,$124.03 ,124.03
14551,6/3/2024,sports,east,2,$131.02 ,262.04
14552,3/13/2024,Home goods,north ,10,$37.25 ,372.5
14553,3/19/2024,toys,west,8,$128.06 ,1024.48
14554,3/21/2024,Home goods,east,3,$182.21 ,546.63
14555,6/24/2024,clothings,north ,5,$78.79 ,393.95
14556,6/5/2024,Electronics,west,8,$102.04 ,816.32
14557,4/3/2024,Home goods,south,7,$154.34 ,1080.38
14558,1/31/2024,sports,east,4,$99.93 ,399.72
14559,4/29/2024,toys,north ,6,$181.23 ,1087.38
14560,2/13/2024,sports,east,6,$62.48 ,374.88
14561,5/20/2024,toys,north ,1,$39.38 ,39.38
14562,4/24/2024,toys,east,3,$162.32 ,486.96
14563,6/26/2024,clothings,east,8,$98.26 ,786.08
14564,3/3/2024,books,east,10,$25.45 ,254.5
14565,5/20/2024,books,west,5,$135.60 ,678
14566,1/15/2024,sports,south,2,$163.08 ,326.16
14567,1/24/2024,Home goods,north ,2,$157.20 ,314.4
14568,1/17/2024,Electronics,north ,10,$178.99 ,1789.9
14569,1/2/2024,Home goods,south,4,$94.00 ,376
14570,3/11/2024,books,west,2,$76.71 ,153.42
14571,5/19/2024,Home goods,south,4,$151.44 ,605.76
14572,3/10/2024,Home goods,south,5,$42.17 ,210.85
14573,2/15/2024,Home goods,east,2,$16.49 ,32.98
14574,3/1/2024,Home goods,west,1,$18.77 ,18.77
14575,5/13/2024,Home goods,south,,$115.01 ,
14576,5/1/2024,sports,south,1,$23.59 ,23.59
14577,3/1/2024,Home goods,south,5,$130.02 ,650.1
14578,1/30/2024,Electronics,north ,3,$108.87 ,326.61
14579,2/26/2024,toys,north ,1, Thirty ,
14580,6/7/2024,books,south,10,$20.28 ,202.8
14581,5/17/2024,clothings,east,8,$168.32 ,1346.56
14582,6/3/2024,Electronics,west,8,$85.29 ,682.32
14583,5/3/2024,Electronics,west,1,$119.96 ,119.96
14584,6/15/2024,clothings,west,1,$43.57 ,43.57
14585,4/22/2024,Home goods,north ,9,$51.82 ,466.38
14586,6/25/2024,Home goods,west,1,$30.43 ,30.43
14587,5/29/2024,Electronics,east,9,$32.21 ,289.89
14588,4/28/2024,Home goods,north ,10,$131.65 ,1316.5
14589,1/23/2024,books,north ,2,$98.50 ,197
14590,6/21/2024,books,north ,4,  ,
14591,6/3/2024,toys,west,6, Thirty ,
14592,1/23/2024,Electronics,north ,7,$32.61 ,228.27
14593,3/12/2024,books,south,8,$194.80 ,1558.4
14594,6/25/2024,Electronics,east,8,$108.44 ,867.52
14595,2/24/2024,Electronics,west,2,$128.51 ,257.02
14596,3/22/2024,toys,south,5,$194.44 ,972.2
14597,5/30/2024,Home goods,north ,10,$91.36 ,913.6
14598,5/18/2024,toys,east,,$140.15 ,
14599,5/30/2024,Electronics,north ,2,$48.95 ,97.9
14600,6/14/2024,sports,west,7,$189.14 ,1323.98
14601,5/27/2024,sports,north ,3,$162.87 ,488.61
14602,2/19/2024,toys,east,7,  ,
14603,6/2/2024,toys,west,3,$151.66 ,454.98
14604,5/29/2024,toys,north ,,$162.20 ,
14605,5/24/2024,sports,north ,2,$155.56 ,311.12
14606,3/10/2024,Electronics,east,3,$155.20 ,465.6
14607,1/9/2024,clothings,west,3,$120.87 ,362.61
14608,5/27/2024,Electronics,east,8,$132.10 ,1056.8
14609,4/1/2024,sports,west,9,$194.82 ,1753.38
14610,3/16/2024,sports,south,2,$14.19 ,28.38
14611,3/1/2024,Electronics,east,3,$158.19 ,474.57
14612,3/26/2024,sports,south,10,$193.90 ,1939
14613,5/22/2024,toys,west,,$90.25 ,
14614,2/15/2024,clothings,north ,2,$192.47 ,384.94
14615,4/23/2024,books,west,6,$98.86 ,593.16
14616,4/27/2024,books,east,2,$136.90 ,273.8
14617,5/4/2024,Home goods,south,8,$178.50 ,1428
14618,3/2/2024,Home goods,west,7,$144.09 ,1008.63
14619,3/31/2024,sports,west,10,$26.56 ,265.6
14620,5/15/2024,clothings,east,5,$64.38 ,321.9
14621,6/19/2024,books,south,7, Thirty ,
14622,6/24/2024,clothings,east,,$11.49 ,
14623,5/25/2024,Home goods,south,2,$187.88 ,375.76
14624,5/10/2024,books,east,10, Thirty ,
14625,2/24/2024,books,east,4,$94.46 ,377.84
14626,1/9/2024,clothings,south,2,$192.42 ,384.84
14627,6/16/2024,books,east,3,$26.48 ,79.44
14628,3/25/2024,books,south,4,$13.17 ,52.68
14629,1/8/2024,Home goods,west,2,$162.32 ,324.64
14630,1/22/2024,toys,west,5,  ,
14631,5/8/2024,toys,west,2,$14.11 ,28.22
14632,5/16/2024,sports,south,1,$79.11 ,79.11
14633,1/26/2024,sports,south,5,$144.70 ,723.5
14634,1/5/2024,toys,west,10,$125.78 ,1257.8
14635,3/3/2024,Electronics,north ,1,$50.36 ,50.36
14636,6/29/2024,books,north ,2,$93.42 ,186.84
14637,1/19/2024,Home goods,south,8,$47.67 ,381.36
14638,6/28/2024,books,north ,1,$89.48 ,89.48
14639,3/1/2024,clothings,south,1,$193.83 ,193.83
14640,2/25/2024,books,west,7,$12.23 ,85.61
14641,5/16/2024,books,north ,10,$92.97 ,929.7
14642,1/25/2024,Home goods,west,5,$71.33 ,356.65
14643,4/27/2024,books,west,10,$48.76 ,487.6
14644,3/14/2024,Home goods,north ,1,$136.79 ,136.79
14645,6/4/2024,clothings,south,1,$74.68 ,74.68
14646,1/9/2024,sports,south,9,$96.21 ,865.89
14647,6/2/2024,toys,south,2,$49.79 ,99.58
14648,4/10/2024,clothings,south,4,$10.09 ,40.36
14649,5/19/2024,Electronics,east,10,$101.95 ,1019.5
14650,1/8/2024,clothings,east,9,$171.45 ,1543.05
14651,4/7/2024,books,south,8,$69.96 ,559.68
14652,5/10/2024,clothings,south,4,$59.28 ,237.12
14653,2/4/2024,clothings,south,6,$120.38 ,722.28
14654,1/26/2024,toys,east,5,$90.90 ,454.5
14655,5/5/2024,toys,south,10,$110.80 ,1108
14656,1/14/2024,toys,east,2,$57.04 ,114.08
14657,1/13/2024,sports,north ,10,$13.12 ,131.2
14658,2/10/2024,Home goods,east,6,$49.46 ,296.76
14659,1/22/2024,toys,north ,6,$20.51 ,123.06
14660,6/20/2024,clothings,east,8,$92.35 ,738.8
14661,2/6/2024,sports,west,9,$60.55 ,544.95
14662,2/15/2024,toys,west,6,$183.69 ,1102.14
14663,4/25/2024,sports,west,1,$14.81 ,14.81
14664,4/11/2024,Home goods,south,10,$43.89 ,438.9
14665,6/3/2024,clothings,east,9,$24.50 ,220.5
14666,5/5/2024,Home goods,north ,9,$54.32 ,488.88
14667,2/3/2024,Home goods,west,8,$13.33 ,106.64
14668,2/13/2024,books,west,3,$141.30 ,423.9
14669,6/23/2024,toys,south,4,$98.39 ,393.56
14670,5/20/2024,toys,east,3,$148.89 ,446.67
14671,3/20/2024,Electronics,south,6,$31.86 ,191.16
14672,3/6/2024,sports,west,1,$147.35 ,147.35
14673,3/14/2024,sports,north ,10,$91.05 ,910.5
14674,6/14/2024,clothings,east,8,$83.32 ,666.56
14675,6/1/2024,books,east,6,$125.86 ,755.16
14676,5/29/2024,Electronics,south,7,$74.74 ,523.18
14677,1/27/2024,clothings,north ,7,$126.35 ,884.45
14678,1/24/2024,books,west,5,$125.12 ,625.6
14679,4/8/2024,Home goods,north ,5,$165.81 ,829.05
14680,3/31/2024,Electronics,north ,1,$161.90 ,161.9
14681,6/12/2024,toys,east,3,$88.57 ,265.71
14682,4/5/2024,sports,west,9,$127.27 ,1145.43
14683,1/22/2024,clothings,north ,4,$123.64 ,494.56
14684,4/23/2024,Electronics,west,10,$63.27 ,632.7
14685,6/5/2024,toys,north ,8,$28.00 ,224
14686,2/21/2024,sports,west,1,$68.78 ,68.78
14687,3/31/2024,books,north ,3,$109.08 ,327.24
14688,3/17/2024,sports,south,4,$144.73 ,578.92
14689,1/23/2024,clothings,east,9,$156.49 ,1408.41
14690,6/2/2024,Home goods,north ,2,$130.96 ,261.92
14691,3/4/2024,clothings,south,1,$124.47 ,124.47
14692,1/15/2024,sports,west,3,$121.98 ,365.94
14693,5/29/2024,toys,west,8,  ,
14694,5/9/2024,toys,west,10,$24.07 ,240.7
14695,3/2/2024,toys,west,8,$176.18 ,1409.44
14696,5/18/2024,Home goods,north ,6,$146.02 ,876.12
14697,6/16/2024,books,east,1,$84.54 ,84.54
14698,6/24/2024,sports,north ,5,$152.49 ,762.45
14699,6/23/2024,toys,east,5,$126.77 ,633.85
14700,1/22/2024,Electronics,north ,10,$116.28 ,1162.8
14701,5/1/2024,sports,north ,6,$90.19 ,541.14
14702,3/28/2024,Home goods,south,1,$12.20 ,12.2
14703,4/8/2024,clothings,west,3,$79.27 ,237.81
14704,5/29/2024,Home goods,west,9,$179.61 ,1616.49
14705,3/17/2024,toys,north ,6, Thirty ,
14706,3/19/2024,toys,south,4,$16.64 ,66.56
14707,5/20/2024,sports,west,3,$187.95 ,563.85
14708,3/17/2024,books,east,10,$139.90 ,1399
14709,6/10/2024,toys,east,2,$185.70 ,371.4
14710,6/2/2024,Electronics,east,9,$196.24 ,1766.16
14711,5/27/2024,books,south,3,$135.44 ,406.32
14712,3/11/2024,sports,north ,2,$173.46 ,346.92
14713,3/5/2024,books,north ,2,$37.67 ,75.34
14714,2/8/2024,toys,west,10,$67.41 ,674.1
14715,2/28/2024,toys,west,3,$175.39 ,526.17
14716,2/12/2024,Home goods,west,5,$39.26 ,196.3
14717,6/17/2024,Electronics,south,8,$83.39 ,667.12
14718,6/2/2024,clothings,west,8,$16.08 ,128.64
14719,6/5/2024,books,south,7,$190.22 ,1331.54
14720,3/13/2024,books,north ,6,$84.09 ,504.54
14721,3/20/2024,sports,west,6,$194.12 ,1164.72
14722,1/10/2024,sports,east,,$115.54 ,
14723,1/8/2024,toys,east,6,$25.11 ,150.66
14724,3/27/2024,sports,west,9,$130.18 ,1171.62
14725,2/21/2024,Home goods,south,8,$58.37 ,466.96
14726,1/19/2024,toys,west,3,$131.96 ,395.88
14727,2/26/2024,Electronics,west,3,$167.57 ,502.71
14728,3/21/2024,books,south,8,$129.01 ,1032.08
14729,6/28/2024,books,south,10,$81.75 ,817.5
14730,4/10/2024,Electronics,south,9,$150.38 ,1353.42
14731,6/17/2024,toys,west,3,$198.88 ,596.64
14732,6/7/2024,Home goods,north ,1,$151.74 ,151.74
14733,2/28/2024,Home goods,west,4,$10.83 ,43.32
14734,1/19/2024,Electronics,south,9,$41.29 ,371.61
14735,1/8/2024,clothings,east,3,$19.31 ,57.93
14736,2/5/2024,Home goods,north ,2,$126.96 ,253.92
14737,3/21/2024,books,west,5,$138.41 ,692.05
14738,5/25/2024,Electronics,south,5,$24.90 ,124.5
14739,3/19/2024,Electronics,south,6,$79.07 ,474.42
14740,4/25/2024,clothings,south,3,$80.82 ,242.46
14741,4/6/2024,toys,west,3,$183.90 ,551.7
14742,1/16/2024,sports,east,10,$29.41 ,294.1
14743,6/19/2024,toys,west,8,$134.76 ,1078.08
14744,6/4/2024,clothings,south,7,$127.04 ,889.28
14745,3/1/2024,books,north ,6,$32.14 ,192.84
14746,4/7/2024,Electronics,west,9,$161.16 ,1450.44
14747,5/18/2024,Electronics,north ,6,$23.54 ,141.24
14748,3/25/2024,clothings,south,2,$75.52 ,151.04
14749,5/13/2024,books,east,9,$168.10 ,1512.9
14750,2/2/2024,clothings,east,3,$144.89 ,434.67
14751,2/26/2024,books,west,2,$159.22 ,318.44
14752,1/19/2024,books,south,,$67.35 ,
14753,5/7/2024,clothings,south,7,$57.62 ,403.34
14754,6/2/2024,sports,south,6,$188.34 ,1130.04
14755,3/17/2024,books,north ,3,$51.50 ,154.5
14756,3/1/2024,sports,east,9,$106.90 ,962.1
14757,4/1/2024,books,south,9,  ,
14758,5/21/2024,sports,west,9,$20.87 ,187.83
14759,6/16/2024,books,south,7,$45.58 ,319.06
14760,1/16/2024,clothings,south,10,$128.76 ,1287.6
14761,6/6/2024,books,west,5,$134.53 ,672.65
14762,6/30/2024,toys,south,9,$55.26 ,497.34
14763,2/12/2024,Electronics,north ,6,$175.89 ,1055.34
14764,1/4/2024,clothings,south,10,$88.23 ,882.3
14765,4/10/2024,toys,east,1,$141.02 ,141.02
14766,5/24/2024,clothings,east,5,$67.07 ,335.35
14767,6/6/2024,books,west,6,$58.80 ,352.8
14768,4/26/2024,toys,north ,1,$108.25 ,108.25
14769,4/18/2024,clothings,east,6,$87.48 ,524.88
14770,1/25/2024,books,south,3,$134.79 ,404.37
14771,3/25/2024,toys,north ,4,$126.96 ,507.84
14772,6/24/2024,books,south,1,$189.69 ,189.69
14773,5/28/2024,sports,east,4,$122.21 ,488.84
14774,5/19/2024,Home goods,north ,8,$153.47 ,1227.76
14775,5/27/2024,sports,west,7,$93.62 ,655.34
14776,1/7/2024,clothings,north ,9,$46.54 ,418.86
14777,4/21/2024,Electronics,east,8,$70.50 ,564
14778,5/14/2024,toys,south,5,$85.91 ,429.55
14779,1/22/2024,toys,west,6,$42.18 ,253.08
14780,3/9/2024,toys,east,7,$189.89 ,1329.23
14781,6/22/2024,Electronics,north ,7,$32.27 ,225.89
14782,1/23/2024,books,south,1,$163.81 ,163.81
14783,4/7/2024,Electronics,east,6,$131.39 ,788.34
14784,1/18/2024,clothings,west,6,$185.80 ,1114.8
14785,6/10/2024,sports,south,2,$128.57 ,257.14
14786,2/28/2024,clothings,south,10,$198.65 ,1986.5
14787,6/14/2024,books,north ,6,$33.50 ,201
14788,5/2/2024,sports,north ,3,$38.35 ,115.05
14789,3/18/2024,sports,west,8,$148.76 ,1190.08
14790,2/16/2024,sports,south,4,$47.70 ,190.8
14791,6/20/2024,sports,north ,6,$182.10 ,1092.6
14792,6/15/2024,books,west,4,$175.16 ,700.64
14793,1/21/2024,Electronics,west,4,$89.45 ,357.8
14794,5/30/2024,clothings,south,7,$72.05 ,504.35
14795,6/24/2024,Electronics,west,6,$41.11 ,246.66
14796,1/25/2024,Home goods,west,6,$174.32 ,1045.92
14797,5/3/2024,sports,east,7,$150.59 ,1054.13
14798,3/3/2024,Electronics,east,9,$165.25 ,1487.25
14799,2/10/2024,clothings,south,4,$146.15 ,584.6
14800,2/11/2024,books,west,8,$181.67 ,1453.36
14801,2/21/2024,sports,south,5,$118.72 ,593.6
14802,6/3/2024,sports,west,8,$157.54 ,1260.32
14803,1/1/2024,sports,north ,,$89.95 ,
14804,4/1/2024,books,east,7,$190.28 ,1331.96
14805,2/3/2024,clothings,south,5,$58.92 ,294.6
14806,3/16/2024,Electronics,east,4,$84.18 ,336.72
14807,6/8/2024,books,north ,7,$113.37 ,793.59
14808,5/15/2024,sports,south,9,$159.44 ,1434.96
14809,3/25/2024,toys,south,7,$157.05 ,1099.35
14810,6/10/2024,books,west,5,$124.73 ,623.65
14811,1/24/2024,Electronics,south,5,$196.42 ,982.1
14812,4/8/2024,toys,south,10,$153.95 ,1539.5
14813,2/11/2024,toys,north ,10,$188.04 ,1880.4
14814,6/17/2024,clothings,north ,5,$90.70 ,453.5
14815,3/19/2024,Electronics,south,1,$148.50 ,148.5
14816,2/22/2024,Electronics,south,8, Thirty ,
14817,5/26/2024,toys,north ,,$181.58 ,
14818,2/29/2024,Electronics,west,6,$170.28 ,1021.68
14819,3/30/2024,toys,west,5,$117.67 ,588.35
14820,5/14/2024,sports,north ,2,$96.87 ,193.74
14821,2/10/2024,Electronics,east,5,$194.59 ,972.95
14822,3/8/2024,books,south,1,$93.19 ,93.19
14823,3/6/2024,sports,north ,6,$158.79 ,952.74
14824,1/3/2024,clothings,north ,6,$32.24 ,193.44
14825,2/23/2024,sports,east,4,$151.63 ,606.52
14826,6/17/2024,Home goods,north ,8,$10.60 ,84.8
14827,6/20/2024,books,east,9,$155.01 ,1395.09
14828,1/15/2024,books,east,2,$186.78 ,373.56
14829,4/6/2024,clothings,south,7,$170.13 ,1190.91
14830,4/23/2024,sports,east,9,$166.71 ,1500.39
14831,2/5/2024,Home goods,east,,$97.57 ,
14832,1/20/2024,toys,north ,10,$194.36 ,1943.6
14833,2/21/2024,Electronics,south,9,$60.68 ,546.12
14834,5/10/2024,sports,north ,9,$71.58 ,644.22
14835,6/1/2024,sports,east,7,$61.58 ,431.06
14836,5/20/2024,sports,west,7,$32.54 ,227.78
14837,3/1/2024,Home goods,north ,4,$138.59 ,554.36
14838,1/24/2024,clothings,east,,$15.87 ,
14839,5/11/2024,Electronics,east,9,$62.84 ,565.56
14840,6/18/2024,Electronics,north ,2, Thirty ,
14841,2/5/2024,clothings,south,9,$182.41 ,1641.69
14842,6/25/2024,sports,west,10,$150.72 ,1507.2
14843,1/28/2024,Electronics,east,5,$75.17 ,375.85
14844,1/30/2024,sports,west,3,$101.71 ,305.13
14845,3/7/2024,Home goods,west,3,$37.34 ,112.02
14846,6/25/2024,Home goods,north ,10,$22.72 ,227.2
14847,6/9/2024,Home goods,east,5,$101.32 ,506.6
14848,2/26/2024,sports,north ,7,$82.35 ,576.45
14849,2/21/2024,clothings,south,3,$31.12 ,93.36
14850,4/10/2024,sports,north ,9,$109.57 ,986.13
14851,2/15/2024,Electronics,west,2,$25.89 ,51.78
14852,3/9/2024,clothings,north ,4,$114.51 ,458.04
14853,5/14/2024,toys,east,1,$101.41 ,101.41
14854,3/29/2024,toys,south,6,$76.06 ,456.36
14855,1/7/2024,clothings,east,8,$69.47 ,555.76
14856,2/23/2024,toys,west,1,$165.13 ,165.13
14857,4/29/2024,sports,south,5,$136.42 ,682.1
14858,6/11/2024,books,east,1,$110.20 ,110.2
14859,3/22/2024,Home goods,east,4,$28.06 ,112.24
14860,1/13/2024,Home goods,east,2,$144.71 ,289.42
14861,2/15/2024,toys,south,9,$52.93 ,476.37
14862,5/7/2024,Electronics,east,3,$85.71 ,257.13
14863,4/14/2024,clothings,north ,,$121.24 ,
14864,1/6/2024,sports,south,9,$186.43 ,1677.87
14865,2/22/2024,toys,west,2,$92.90 ,185.8
14866,3/19/2024,toys,north ,5,$173.50 ,867.5
14867,6/21/2024,toys,west,2,$133.14 ,266.28
14868,2/5/2024,sports,south,2,$164.18 ,328.36
14869,6/8/2024,Home goods,west,,$44.91 ,
14870,5/14/2024,Home goods,south,9,$139.69 ,1257.21
14871,5/17/2024,Electronics,west,8,$96.35 ,770.8
14872,1/23/2024,Home goods,west,2,$171.49 ,342.98
14873,6/9/2024,clothings,north ,8,$81.44 ,651.52
14874,2/6/2024,clothings,east,5,$50.05 ,250.25
14875,5/18/2024,books,west,8,$55.12 ,440.96
14876,2/17/2024,toys,south,4,$174.06 ,696.24
14877,6/1/2024,sports,north ,7,$179.51 ,1256.57
14878,1/7/2024,clothings,south,10,$115.72 ,1157.2
14879,4/17/2024,Home goods,north ,8,$135.90 ,1087.2
14880,5/15/2024,sports,north ,6,$138.39 ,830.34
14881,1/12/2024,toys,north ,7,$153.27 ,1072.89
14882,2/17/2024,Home goods,east,6,$133.46 ,800.76
14883,5/13/2024,clothings,east,3,$198.50 ,595.5
14884,4/30/2024,clothings,north ,4,$183.95 ,735.8
14885,6/4/2024,Home goods,east,,$40.01 ,
14886,2/14/2024,Electronics,east,5,$77.69 ,388.45
14887,1/23/2024,clothings,south,8,$183.58 ,1468.64
14888,4/6/2024,Home goods,south,7,$158.97 ,1112.79
14889,1/8/2024,toys,south,7,$46.80 ,327.6
14890,5/13/2024,sports,east,3,$144.88 ,434.64
14891,5/6/2024,Home goods,south,1,$181.99 ,181.99
14892,2/17/2024,books,east,,$78.47 ,
14893,5/11/2024,Home goods,north ,8,$53.71 ,429.68
14894,4/1/2024,sports,south,7,$69.34 ,485.38
14895,5/4/2024,Home goods,south,1,$76.51 ,76.51
14896,3/2/2024,Electronics,north ,9,$84.91 ,764.19
14897,1/18/2024,Home goods,east,1,$178.99 ,178.99
14898,1/20/2024,toys,north ,10,$120.81 ,1208.1
14899,4/4/2024,books,south,6,$178.34 ,1070.04
14900,5/15/2024,books,east,5,$181.77 ,908.85
14901,5/19/2024,toys,north ,2,$23.43 ,46.86
14902,1/3/2024,sports,south,2,$155.05 ,310.1
14903,4/24/2024,sports,west,8,  ,
14904,3/5/2024,sports,west,8,$29.61 ,236.88
14905,4/3/2024,sports,south,6,$118.99 ,713.94
14906,6/22/2024,sports,north ,4,$27.78 ,111.12
14907,3/18/2024,Electronics,south,10,$83.78 ,837.8
14908,3/23/2024,toys,east,7,$138.76 ,971.32
14909,1/28/2024,Electronics,west,10,$123.69 ,1236.9
14910,6/3/2024,Electronics,east,5,$118.28 ,591.4
14911,3/21/2024,toys,west,10,$169.39 ,1693.9
14912,1/28/2024,books,west,1,$64.59 ,64.59
14913,5/7/2024,toys,east,7,$113.29 ,793.03
14914,3/31/2024,clothings,east,4,$49.76 ,199.04
14915,6/30/2024,books,west,6,$41.06 ,246.36
14916,3/16/2024,Electronics,west,4,$12.22 ,48.88
14917,6/27/2024,sports,south,6,$28.03 ,168.18
14918,5/3/2024,toys,east,9,$144.81 ,1303.29
14919,2/24/2024,Home goods,east,9,$82.25 ,740.25
14920,5/5/2024,clothings,east,7,$67.52 ,472.64
14921,2/16/2024,sports,north ,6,$48.32 ,289.92
14922,4/23/2024,books,west,1,$13.07 ,13.07
14923,4/11/2024,clothings,north ,5,  ,
14924,2/11/2024,books,north ,2,$175.03 ,350.06
14925,4/30/2024,Electronics,south,1,$30.73 ,30.73
14926,1/11/2024,sports,west,3,$43.00 ,129
14927,6/7/2024,Home goods,west,8,$128.60 ,1028.8
14928,2/9/2024,toys,south,4,$103.86 ,415.44
14929,5/12/2024,Electronics,south,7,$196.91 ,1378.37
